2256 3420
465 177 533 221 orn.
559 177 605 222 ιιι.
943 176 996 232 ·51

67 360 180 426 (nempe
190 360 316 421 quotenus
325 355 397 404 Deus
405 367 452 419 per
461 366 551 404 cousus
561 352 668 404 intentes
678 360 801 415 externus,
813 360 838 404 ut
848 368 898 404 non
908 361 1000 419 quete-

66 450 120 487 nns
135 431 334 501 perhumanum
348 438 464 481 naturum
475 437 499 479 et
508 438 618 481 mentem
634 431 700 495 ugit)
715 445 766 481 non
780 430 899 481 udmireri
915 438 940 480 et
953 430 1001 481 ud-

68 525 156 571 orure;
179 506 386 574 quondoquidem
401 507 451 572 ipsi
467 506 527 556 nihii
541 507 591 556 nisi
607 507 746 557 admodum
764 508 963 570 inexspectatum
977 514 1001 557 et

69 594 171 655 prester
181 585 327 651 opinionem
338 584 454 648 eontigiu
469 581 539 647 qnod
550 596 633 634 revere
643 584 720 634 etium
729 597 774 650 pro
785 582 904 634 mirecuio
915 581 1001 634 baberi

69 669 167 791 powisi.
185 739 234 789 Per
247 735 296 787 boe
309 735 386 800 igitur
397 741 496 786 tuntum
511 735 627 786 notiones
640 734 671 786 ub
683 735 790 788 invicem
800 737 1001 801 distinguuntur,

70 829 164 882 nempe
180 815 278 865 tutione
293 813 420 862 societatis
434 818 459 862 et
473 812 571 876 legum,
593 810 642 862 sub
651 811 748 877 quibus
758 814 844 865 vivunt
853 813 1003 878 etdirissun·

69 901 127 954 tur;
145 887 387 954 adeoquefletmeu
397 889 467 938 notio
477 902 527 938 non
542 889 638 939 ratione
651 889 806 951 intellectus,
827 905 909 955 neque
923 889 1002 939 enimi

69 966 261 1033 tranquillitatis
271 978 286 1014 u
296 966 349 1016 Deo
359 978 419 1031 pree
428 966 518 1016 ceteris
533 965 611 1015 eieetu
625 964 686 1027 fuit,
705 964 751 1016 sed
765 967 861 1018 ratione
876 967 1002 1019 societatis

69 1052 95 1097 et
107 1044 241 1103 tortunre,
261 1055 313 1106 qur
328 1041 461 1105 imperium
477 1040 566 1106 udepte
580 1048 619 1092 est
632 1055 733 1106 qunque
742 1041 767 1093 id
778 1043 864 1109 ipsum
873 1051 1002 1094 totunnos

71 1121 184 1172 retinuit.
224 1118 265 1170 17.
284 1117 361 1178 Quod
372 1117 551 1183 etiemexipsu
561 1116 691 1183 Scriptura
701 1132 779 1182 quum
789 1118 929 1171 eiurissime
938 1135 1002 1170 cou-

70 1203 129 1248 stet.
166 1197 193 1246 Si
209 1195 269 1259 quis
283 1194 352 1243 enim
366 1194 449 1258 ipsam
464 1193 502 1244 vei
516 1193 602 1244 ieviter
615 1196 753 1259 percurrit,
773 1195 839 1248 ciere
849 1195 929 1256 videt,
948 1198 1003 1247 ide-

70 1272 160 1324 brueos
170 1273 196 1322 iu
205 1270 255 1321 boe
264 1269 319 1320 snio
328 1276 424 1321 eeteros
435 1271 551 1321 nationes
562 1270 724 1331 excelluisse,
735 1271 804 1336 qnod
816 1286 856 1323 res
865 1287 927 1323 suus
936 1287 1003 1337 quae

70 1347 101 1399 ud
115 1349 181 1399 vitre
194 1347 358 1398 securitatem
373 1347 510 1411 pertinent,
532 1346 638 1397 ieiieiter
646 1349 771 1412 gesserint
781 1362 923 1413 magnoque
934 1349 1003 1414 peri-

71 1425 127 1477 euiu
139 1423 359 1488 exsuperaverint,
380 1423 458 1487 idque
473 1425 582 1473 menime
596 1421 650 1474 solo
665 1424 711 1474 Dei
728 1430 829 1475 externo
847 1426 952 1487 euxiiio,
974 1427 1000 1476 in

70 1501 174 1566 reliquis
187 1507 274 1550 nutem
288 1500 378 1550 ueteris
392 1498 512 1564 eequnios
527 1499 620 1559 inisse,
640 1507 666 1550 et
680 1502 763 1551 Deum
782 1501 902 1552 omnibus
920 1516 1001 1568 aeque

71 1579 222 1642 propitium.
260 1576 301 1626 18.
320 1576 385 1626 Num
398 1577 494 1626 ratione
509 1574 652 1626 intettectus
665 1583 764 1628 eonstut
778 1576 861 1644 (utin
876 1579 1002 1644 superiori

71 1655 151 1719 cupite
170 1651 365 1718 ostendimus),
393 1667 438 1703 eos
456 1652 488 1702 de
507 1654 560 1702 Deo
579 1661 604 1702 et
621 1659 711 1704 nutura
729 1653 845 1719 vuigures
863 1654 1002 1706 admodum

70 1729 236 1794 cogitationes
252 1727 383 1778 babuisse.
420 1729 504 1790 Quare
522 1730 618 1779 ratione
634 1728 780 1780 inteiieetus
798 1746 849 1782 non
868 1730 1003 1782 inerunt!

70 1807 123 1857 beo
132 1819 194 1871 pree
205 1805 296 1854 ueteris
306 1805 390 1863 eiecti;
411 1812 436 1854 nt
450 1818 497 1855 nee
510 1806 585 1855 etium
596 1805 692 1855 ratione
700 1806 799 1855 uirtutis
809 1812 834 1857 et
842 1821 914 1857 verae
924 1808 1000 1866 vitum

71 1880 117 1933 bue
125 1883 197 1933 enim
208 1882 233 1931 in
245 1894 270 1930 re
281 1881 355 1931 etium
367 1880 472 1945 reliquis
484 1879 603 1944 gentibus
613 1879 732 1946 requuies
742 1881 845 1932 inerunt
854 1889 878 1933 et
887 1896 938 1933 non
952 1882 1002 1932 nisi

69 1958 220 2024 paucissimi
234 1957 315 2008 eleeti.
352 1957 394 2010 19.
414 1957 508 2006 Eorum
523 1957 601 2021 igitur
615 1955 702 2008 eiectio
713 1964 738 2008 et
747 1959 842 2010 toeutio
851 1959 878 2009 in
889 1958 942 2009 soie
953 1958 1003 2008 im-

69 2036 131 2100 perii
152 2043 316 2099 temporanee
334 2032 452 2083 ieiieitete
471 2040 495 2084 et
509 2033 651 2084 commodis
664 2034 791 2096 eonstititg
810 2047 857 2086 neu
875 2034 1000 2096 videmus,

69 2111 138 2176 quod
153 2112 224 2161 Deus
238 2109 418 2176 putrierebis*)
438 2117 482 2160 uut
499 2124 586 2161 eorum
604 2110 799 2162 suecessoribus
816 2110 885 2163 niind
904 2119 1003 2177 prueter

69 2188 117 2238 boe
125 2187 287 2252 promiserit;
308 2185 359 2236 imo
370 2186 395 2236 in
406 2185 462 2250 iege
471 2199 516 2252 pro
528 2185 673 2239 obedientia
683 2186 744 2237 nihii
755 2187 823 2239 uliud
834 2188 998 2255 promittitur,

69 2278 146 2329 quoru
157 2263 257 2328 imperii
268 2263 387 2313 contiuua
397 2261 505 2313 inlicitos
516 2270 541 2312 et
549 2264 646 2328 reliquo
657 2264 734 2316 buius
742 2266 807 2316 vitae
817 2263 960 2325 commodo,
977 2270 1001 2313 et

69 2347 156 2390 contri
167 2353 214 2405 pro
224 2339 383 2390 contumuoiu
394 2340 512 2404 poetique
522 2341 640 2405 ruptione
650 2341 749 2407 imperii
758 2343 833 2392 ruine
844 2340 1001 2405 meximeque

68 2414 242 2466 incommode.
278 2416 322 2468 20.
341 2416 393 2467 Nee
407 2416 512 2475 mirum;
535 2430 594 2467 num
609 2417 668 2469 finis
681 2419 814 2469 universae
832 2416 958 2468 societatis
976 2423 1002 2466 et

69 2492 170 2557 imperii
181 2499 221 2542 est
230 2493 270 2556 (ut
281 2505 310 2541 et
319 2491 395 2542 modo
405 2491 479 2542 dietis
490 2498 557 2557 petet
567 2500 591 2544 et
601 2494 627 2544 iu
639 2493 806 2560 sequentibus
815 2492 900 2544 insius
909 2484 999 2544 osten-

70 2567 177 2635 demus)
187 2580 276 2618 secure
287 2573 312 2616 et
321 2568 453 2619 commode
463 2569 556 2629 vivere;
573 2570 708 2635 imperium
720 2577 803 2621 eutem
814 2584 864 2620 non
875 2570 925 2620 uisi
935 2569 999 2636 iegi-

69 2642 133 2706 bus,
156 2642 252 2709 quibus
266 2645 447 2710 uuusquisque
466 2651 595 2706 tenentur,
615 2646 756 2698 subsistere
774 2652 871 2712 potest:
891 2646 958 2712 quod
978 2649 1001 2699 si

40 2724 44 2735 ’
70 2722 156 2772 omniu
171 2721 251 2771 unius
266 2721 393 2772 societatis
408 2721 521 2773 membru
532 2722 630 2790 iegibus
645 2722 782 2775 veiedioero
792 2721 880 2787 uelint,
902 2737 932 2776 eo
943 2724 999 2791 ipso

74 2856 237 2870 ᾔ·-

120 2939 140 2990 ’)
160 2936 243 2982 Genus.
254 2940 347 2992 erp-15.
362 2945 481 2996 narratur,
496 2941 558 2997 quod
568 2941 631 2988 Deus
640 2939 771 2986 Abrebumo
785 2942 878 3001 dixerit,
893 2943 999 3000 suipsius

70 3008 121 3040 esse
140 2996 287 3041 defensorem
307 3004 329 3042 et
346 2993 555 3045 remunerationem
574 3001 681 3044 dotorum
696 2999 796 3056 emplum
815 3003 952 3061 udmodum;
970 3002 999 3046 ud
1077 3022 1087 3039 a

70 3066 130 3112 quoe
144 3055 302 3111 durabimus,
313 3057 366 3102 ‘sibi
384 3057 452 3112 nibil,
472 3060 533 3115 quod
548 3059 645 3104 alieuius
659 3066 737 3116 posset
751 3064 861 3108 momenti
876 3074 939 3118 esse,
959 3072 999 3105 ex·

70 3115 235 3176 spectandum,
247 3116 301 3172 quie
311 3123 418 3172 provectu
429 3119 474 3164 ium
484 3125 602 3165 senectute
612 3118 682 3166 orbus
693 3125 752 3167 erut.
780 3117 825 3177 Sp.

766 3193 803 3244 lb*
