2256 3420
466 185 653 231 rennuente.
1003 182 1022 239 9

97 322 214 413 absolute
229 360 339 411 iberam
350 359 497 426 relinquere
510 364 537 410 st
549 359 617 410 nilril
632 373 691 410 cum
700 359 868 427 philosophia
885 375 1018 412 commuue

96 439 204 499 habers,
224 435 271 489 sed
282 443 332 487 tem
342 436 421 496 hunc,
440 435 595 501 quantillum
606 436 707 502 propriu
718 449 765 487 sno
775 436 826 487 tuin
838 436 892 486 niti.
927 438 971 491 ²5·
990 439 1022 488 Ut

96 513 249 566 lteecnutem
259 512 397 578 apodictico
406 512 606 563 demonstrarem
616 526 720 577 remque
731 519 807 565 totam
815 512 1019 576 determinercm

97 590 216 652 ostendo,
237 605 291 655 qua
303 590 346 638 uia
354 587 493 653 Scriptura
504 591 541 638 sit
553 589 763 654 interpretando,
781 596 806 640 et
820 588 889 654 quud
903 594 954 639 totu
964 588 1021 640 eius

97 679 232 731 rerumque
246 664 416 731 spiritualium
432 664 540 729 cognitio
554 663 586 715 eli
597 664 728 730 ipsusois,
748 673 833 717 etnon
843 664 875 716 ch
890 665 936 727 iis,
956 678 1022 729 quus

96 741 193 794 lumine
209 740 318 793 nutursli
332 740 526 807 cognoscimus,
544 742 596 806 peti
611 741 708 792 dehent.
742 743 811 793 Hinc
825 748 925 794 transeo
943 740 975 791 ud
990 756 1021 792 eu
1073 783 1076 790 ,

92 816 433 884 praeiudicio-ostendenda,
448 817 728 881 quasindeorturunt,
750 818 1022 884 quoduulgussuper-

96 893 343 955 stitionirddictum,
361 893 464 958 etquud
474 895 593 959 temporis
603 893 723 959 reliquias
733 908 810 960 snprs
821 896 903 960 ipsum
912 893 1022 945 retemi-

95 977 170 1023 utem
185 977 266 1031 umet,
285 969 364 1021 libros
377 969 463 1034 potins
478 969 633 1034 scriptume,
654 984 731 1035 quarn
749 972 833 1037 ipsum
852 971 898 1022 Dei
916 968 1022 1020 verbnm

95 1046 191 1098 odoret.
227 1045 270 1098 to.
289 1047 351 1096 Post
364 1045 426 1096 hoec
440 1045 560 1106 ostendo,
579 1048 684 1097 uerbum
694 1047 737 1098 dei
748 1047 891 1117 revelatum
903 1061 953 1097 nun
964 1060 1021 1097 esse

95 1129 193 1174 centnm
208 1122 337 1187 quendum
353 1135 488 1172 numerum
504 1120 640 1183 librorum,
660 1122 705 1173 sed
720 1130 870 1189 conceptum
880 1122 1022 1189 simplicem

96 1199 191 1250 mentis
209 1198 308 1250 divinus
326 1197 456 1262 prophetis
475 1197 608 1258 revelatum
634 1198 729 1250 scilicet
745 1201 799 1250 Deo
822 1200 918 1265 integro
935 1200 1022 1250 enimn

96 1274 199 1327 cneius
213 1274 338 1326 iustitium
353 1280 377 1324 et
391 1273 519 1324 ceritatem
535 1273 650 1326 colendo.
685 1274 771 1340 Atque
788 1275 835 1325 hoc
854 1275 974 1336 ostendo,
994 1276 1021 1326 in

96 1352 226 1418 Scriptura
241 1350 325 1402 doceri
338 1349 480 1402 secundum
494 1358 596 1416 ceptum
614 1357 639 1402 et
656 1351 788 1416 opiniones
804 1365 905 1414 eorum,
925 1350 1021 1417 quilius
1110 1362 1114 1367 ·

96 1428 232 1495 prophetoe
244 1435 270 1479 et
285 1426 392 1493 apostoli
406 1426 452 1477 hoc
465 1425 569 1477 verbum
579 1427 626 1478 lici
638 1426 783 1493 praedicere
797 1427 926 1486 soiebunt;
951 1426 1021 1493 quod

96 1504 293 1565 ideofecerunt,
313 1510 342 1554 ut
355 1503 381 1554 id
396 1502 513 1554 homines
526 1503 583 1554 sine
597 1502 648 1554 ulis
663 1504 828 1569 repugnentio
838 1511 913 1570 etque
924 1505 1021 1570 integro

96 1582 180 1634 mimo
190 1579 412 1646 amplecterentur.
446 1579 489 1634 ti.
508 1579 1022 1633 lundomentnlibusdeintlelitleiostcn-

95 1658 132 1709 sis
145 1655 271 1709 concludo
285 1655 409 1720 denique,
429 1657 557 1706 obiectum
571 1658 728 1721 cognitionis
740 1656 871 1707 revelatae
884 1657 950 1707 nihil
967 1673 1021 1706 erre

95 1738 201 1799 praeter
210 1732 391 1796 obedientiam,
404 1738 480 1796 utque
489 1731 552 1782 odeo
562 1745 576 1782 s
586 1732 695 1783 neturuli
704 1734 845 1798 cognitione
853 1740 903 1784 tum
911 1731 1019 1794 obiecto,

95 1823 172 1874 quern
183 1807 357 1859 fundamentis
368 1815 393 1859 et
401 1808 492 1860 mediis
501 1821 606 1874 prorsus
617 1807 761 1860 distinctum
772 1823 843 1870 esse,
853 1815 879 1860 et
889 1807 951 1858 nihil
961 1821 1020 1859 cum

95 1883 288 1937 heccommune
298 1883 406 1945 nubere,
425 1885 532 1936 sedtum
543 1883 620 1945 hunc,
640 1899 718 1949 quum
729 1885 811 1947 ilium,
827 1897 1020 1948 sunmregnum

95 1959 193 2026 somne
209 1960 260 2011 ullu
278 1960 383 2012 ulterius
402 1961 567 2026 repugnantis
586 1957 713 2020 obtinere,
733 1966 758 2011 et
776 1966 891 2011 neutrum
909 1958 1021 2009 alterutri

96 2036 207 2088 snciilsri
221 2034 323 2089 debere.
358 2037 402 2092 28.
420 2037 499 2089 Porro
515 2037 574 2101 quin
585 2036 717 2087 hominum
727 2036 859 2101 ingenium
869 2035 966 2086 verium
976 2033 1021 2086 nd·

95 2113 201 2165 mutium
211 2119 260 2175 est,
280 2120 305 2165 ct
314 2112 380 2164 eiius
390 2111 439 2175 his,
457 2112 523 2165 eiius
533 2113 583 2164 iilis
594 2110 757 2180 opinionibus
768 2110 860 2164 meiius
871 2111 1019 2175 acquiescit,

95 2196 120 2242 et
134 2190 203 2255 quod
218 2189 287 2240 hunc
300 2188 332 2240 nd
348 2189 506 2254 religionem,
527 2189 598 2241 iilum
618 2189 651 2241 sd
669 2189 750 2240 risum
768 2194 863 2250 movet,
883 2186 943 2238 inde
961 2199 1021 2237 cum

96 2264 392 2332 supradictisconciudo,
412 2268 552 2331 uuicuique
561 2264 1021 2329 mitudiciilibertuteruetpotcrta-

95 2342 328 2407 icensrtrtrlumeula
335 2341 405 2405 fidei
413 2358 448 2392 erc
455 2357 502 2392 ruo
511 2344 617 2406 ingenio
628 2341 816 2407 interpretandi
824 2339 1020 2405 relinquendam

96 2426 122 2470 et
133 2418 207 2469 fidem
218 2418 425 2482 uniuscuiusque
435 2417 535 2469 exsulis
545 2417 663 2482 operibus
673 2415 844 2478 iudicnudnm
864 2429 926 2466 num
937 2415 977 2480 pin
988 2430 1019 2466 nn

95 2495 174 2560 impin
187 2494 231 2546 sit.
267 2495 309 2544 Sic
324 2508 381 2558 ergo
396 2507 485 2545 omnes
499 2493 597 2558 integro
615 2501 639 2544 et
655 2493 735 2544 libero
752 2493 838 2542 cnimo
852 2491 899 2542 deo
919 2490 1021 2543 obedire

96 2576 229 2637 poterunt,
249 2576 273 2620 ct
290 2569 345 2620 solu
364 2570 458 2628 iustitio
476 2576 501 2622 et
519 2569 609 2620 curitrs
626 2569 694 2635 npud
713 2582 801 2620 omnes
819 2567 846 2618 in
864 2568 944 2634 pretio
963 2570 1019 2620 erit.

94 2647 139 2702 2⁹.
157 2648 297 2711 Postquum
308 2644 348 2696 his
359 2643 512 2707 libertatem,
533 2659 610 2710 quem
623 2644 663 2696 lex
674 2646 756 2696 divino
767 2644 870 2695 revelate
881 2646 1021 2710 unicuique

96 2724 226 2785 concedit,
246 2721 360 2782 ostendi,
380 2723 413 2772 nd
427 2721 530 2772 niteram
544 2721 703 2785 quaestionis
712 2727 808 2785 purtem
818 2735 909 2787 pergo;
929 2734 1021 2786 nempe

95 2801 163 2850 hauc
180 2799 287 2850 candem
305 2799 451 2849 libertatem
468 2797 541 2847 salva
557 2797 717 2862 reipublicae
734 2812 801 2862 pace
820 2802 847 2848 ct
862 2811 1021 2848 summorum

90 2880 252 2942 potestatum
265 2878 407 2941 increpuere
421 2879 448 2925 el
461 2877 541 2923 eiiam
550 2872 656 2923 concedi
669 2873 775 2935 delere,
793 2888 840 2924 nec
848 2889 924 2939 posse
939 2873 1021 2923 adimi

95 2953 192 3017 aisque
207 2966 304 3015 magno
313 2954 389 3017 pacis
398 2950 517 3016 periculo
526 2964 672 3015 magnoque
683 2952 762 3000 totius
771 2949 929 3016 reipublicae
940 2949 1020 2999 detri-

93 3033 190 3078 mento.
225 3027 267 3078 nd
282 3026 342 3078 hoec
355 3032 440 3077 nutem
456 3024 682 3077 demonstrandum
697 3041 713 3077 a
726 3029 784 3076 iure
797 3025 916 3075 etuturuli
928 3026 1021 3074 unius·

93 3107 220 3169 cuiusque
234 3104 341 3169 incipio;
361 3103 429 3168 quod
443 3102 540 3156 scilicet
556 3116 586 3156 eo
596 3115 718 3173 usquese
728 3100 855 3166 extenuit,
870 3098 1035 3170 uununius-
