2256 3420
496 144 625 217 creir.
986 168 1029 226 ii

90 345 185 399 uilaias
199 343 299 408 inisse„
315 359 367 398 noa
380 359 439 397 rere
452 345 523 411 qnod
536 347 589 399 rint
601 344 714 396 rationes
726 345 884 398 universales
896 346 928 398 ad
937 361 1030 401 omnes

90 421 309 475 convincendum.
356 423 400 474 bi.
426 423 479 474 Nec
496 422 569 475 aiiier
586 422 619 474 de
638 422 731 473 Cbrisii
751 421 914 483 rationibus,
934 424 1030 489 quibus

89 500 246 552 Pharisaeos
254 499 436 551 ‘coninaciac
452 507 477 551 ei
489 499 645 564 ignorantiae
655 499 783 550 convincit
791 498 987 564 discipulosque
996 501 1029 553 ad

90 589 180 628 reram
193 575 270 626 rium
287 575 417 634 boriainr,
437 576 617 636 suincndnmr
638 573 708 641 qnod
727 588 821 641 nempe
839 588 901 625 anas
919 576 1030 629 rationes

91 650 260 719 opinionibus
274 659 300 703 ei
313 652 447 718 principiis
460 651 667 716 uniuscuiusque
686 649 893 703 accommodavit
927 651 975 703 lia.
990 666 1030 717 gr.

93 742 177 795 quum
187 727 334 779 Pharisaeis
343 726 406 779 diali
414 729 484 789 (ride
494 728 586 780 birub.
597 742 655 793 cap.
666 728 710 781 12.
719 742 743 778 r.
753 729 825 791 lii.):
844 732 871 779 ei
884 726 1030 779 riSoiorrer
1053 759 1057 765 -

91 806 223 856 Seianum
236 807 323 865 eiicii,
342 804 468 855 aduersus
480 821 509 854 re
522 807 608 870 ipsun
621 803 721 854 dicium
733 808 788 868 θείς
805 805 934 871 quomodo
944 806 1032 869 igine

93 887 167 933 rure
174 884 264 947 pnieri
270 896 382 945 regnem
392 884 467 931 eius!
483 880 548 932 nibil
558 881 608 933 nisi
618 879 772 931 Pharisaeos
784 893 815 931 ex
826 881 883 932 suis
897 882 1030 949 principiis

93 959 245 1011 convincere
253 957 350 1019 roiuii,
369 971 421 1008 non
432 964 518 1008 aniam
529 956 634 1020 docere,
653 956 708 1008 dari
722 956 861 1008 daemones
871 965 916 1009 ani
924 957 1030 1024 aliquod

93 1035 250 1087 eremorum
261 1048 379 1099 regnum.
415 1033 458 1084 Sic
471 1035 546 1085 eiiam
563 1048 644 1100 qunrn
660 1033 794 1099 discipulis
807 1031 869 1084 dirii
881 1034 974 1087 biaiib.
987 1037 1029 1087 18.

92 1127 118 1165 r.
130 1112 188 1164 io:
207 1111 293 1162 oideie
305 1126 338 1161 κο
350 1112 522 1161 contemnnb'r
534 1125 615 1160 marm
631 1125 667 1159 ere
679 1112 772 1175 porcia
788 1112 864 1173 ielis,-
881 1110 941 1163 dico
958 1114 1030 1163 eninr

92 1189 168 1238 onbir
181 1187 291 1252 angelos
299 1202 390 1238 eornm
398 1186 514 1237 iueoelir
522 1191 588 1249 eie,
608 1184 671 1236 nibii
683 1185 751 1236 alind
764 1184 855 1237 docere
864 1188 931 1248 unii,
951 1203 1029 1255 qnam

96 1278 131 1315 ne
139 1264 192 1314 sini
201 1263 307 1330 superbi
317 1270 344 1315 ei
355 1277 387 1314 nc
398 1263 508 1327 aliquem
519 1268 699 1323 contemnent,
719 1277 770 1313 non
780 1277 838 1314 vero
848 1262 943 1328 aliqua,
963 1279 1029 1330 qnae

92 1342 121 1392 in
132 1340 217 1407 ipsius
228 1339 384 1402 rationibus,
404 1353 469 1404 quas
485 1346 584 1389 lanium
594 1338 677 1389 rdleri
685 1338 716 1389 ad
727 1353 780 1389 rem
790 1339 925 1406 discipulis
936 1341 1029 1392 meiius

93 1416 315 1483 persuadendum,
335 1417 507 1467 coniineninr.
544 1414 587 1467 57.
605 1413 678 1466 idem
688 1414 799 1480 deniqne
809 1415 841 1467 de
851 1416 993 1468 rationibus
1003 1424 1029 1469 ei

93 1494 177 1558 signis
188 1493 362 1559 apostolorum
372 1491 490 1544 ebsoinie
501 1490 649 1553 dicendum,
669 1505 717 1543 nee
725 1491 757 1543 de
766 1491 807 1542 bis
817 1506 884 1558 opus
895 1500 935 1544 esi
944 1494 1029 1545 insius

94 1568 178 1634 ioqui.
213 1570 277 1620 iiam
292 1570 313 1619 si
328 1568 391 1620 mibi
411 1568 583 1620 enumeranda
598 1574 686 1620 esseni
701 1568 786 1618 omnia
801 1568 945 1634 Scriptum
963 1570 1028 1628 ioca.

95 1660 161 1710 qnae
172 1651 271 1697 unium
282 1645 313 1696 ad
325 1644 454 1697 bominem
467 1646 520 1697 sive
530 1645 562 1696 ad
571 1652 673 1712 capium
684 1643 793 1695 alicuine
801 1646 893 1710 scripta
909 1653 984 1707 suni,
1003 1653 1029 1698 ei

94 1735 160 1788 qnae
176 1735 227 1773 non
243 1723 299 1773 sine
320 1736 412 1786 magno
431 1720 607 1788 philosophiae
624 1721 781 1788 pracindicio
801 1728 924 1786 ianqnam
944 1722 1028 1774 diuina

94 1798 209 1849 docirina
220 1796 405 1860 defendamur,
425 1812 439 1848 a
450 1797 584 1859 breviiaie,
603 1799 643 1849 cui
654 1798 756 1858 studeo,
775 1797 849 1862 iongn
860 1796 1028 1851 discederem.

93 1873 210 1925 Sufficiat
224 1874 313 1939 igilur,
333 1874 461 1940 quaedam
475 1887 555 1940 penca
570 1880 595 1924 ei
613 1872 764 1924 universalia
783 1873 912 1937 attigisse,
931 1875 1027 1939 relique

94 1951 215 2001 curiosus
224 1949 303 2001 iecior
312 1950 380 2017 apud
391 1964 419 2002 se
429 1949 579 2016 perpendat.
616 1951 659 2000 58.
678 1948 773 1999 Verum
784 1950 852 2000 enim
863 1963 921 1999 vero
931 1964 1026 2013 qnam-

92 2027 132 2077 ris
146 2025 210 2078 brec
223 2032 337 2089 ionium,
356 2042 422 2093 qnae
438 2027 475 2078 de
492 2025 662 2093 prophetis
681 2031 712 2075 ei
729 2024 900 2091 prophetia
917 2027 1027 2090 egimus,

93 2101 127 2155 ad
140 2117 263 2170 scopum,
283 2103 316 2155 ad
331 2118 407 2168 quem
421 2102 539 2165 inicndo,
560 2101 694 2170 praecipue
710 2103 864 2167 periineani,
885 2115 976 2167 nempe
995 2102 1027 2153 ad

93 2179 263 2246 separandam
274 2179 461 2247 philosophiam
471 2194 485 2231 a
496 2179 635 2247 theologia,
655 2186 781 2239 attamen,
800 2179 859 2245 quia
874 2177 938 2229 hunc
948 2192 1029 2243 qnae-

93 2257 478 2321 siionemuniversaliteraiiigi,
497 2255 805 2320 lnbeiadbncinqnirerc,
826 2269 900 2306 num
912 2255 1027 2305 donum

91 2332 313 2399 propheticum
336 2332 493 2384 Hebraeis
516 2339 634 2383 ionium
658 2331 821 2398 peculiare
848 2330 965 2391 luerit,
990 2346 1028 2381 an

92 2423 164 2460 uero
182 2409 329 2461 omnibns
348 2407 539 2461 nacionibus
557 2422 733 2469 commune:
753 2408 896 2458 iumeiiam
914 2406 1028 2472 quidde

92 2487 260 2538 rocriionc
278 2485 496 2538 Hebraeorum
514 2484 690 2546 sternendum,
710 2485 743 2536 de
761 2483 856 2550 quibus
874 2483 932 2535 vide
952 2491 1028 2550 capul

93 2575 218 2628 sequens.
866 2592 887 2627 ς

115 2714 205 2777 cAP.
224 2714 273 2779 lii,
317 2717 366 2777 De
383 2715 582 2778 Hebraeorum
603 2718 768 2789 vuentione3
796 2721 825 2776 ei
843 2736 879 2776 nn
897 2678 1005 2776 doncro

238 2809 441 2890 propheticum
460 2811 605 2871 Hebraeis
623 2807 774 2890 peculiare
793 2809 886 2870 suerii.

144 2945 209 2995 Vera
225 2943 331 2996 ieiiciias
341 2953 366 2998 ei
375 2945 505 2997 beaiiiudo
515 2945 721 3009 uniuscuiusque
732 2945 756 2995 in
771 2946 823 2998 scia
835 2945 894 2997 boni
906 2945 1026 2996 iruiiione

92 3021 224 3082 consisiii,
244 3035 294 3072 non
310 3037 369 3074 uero
383 3023 408 3072 in
423 3036 453 3073 ea
468 3022 559 3088 gloria,
578 3021 647 3087 quod
661 3020 732 3072 soins
747 3024 858 3084 scilicet,
877 3029 902 3074 ei
920 3020 1026 3087 reliquis

93 3097 211 3161 carioris,
221 3097 291 3152 bono
301 3098 409 3151 irnaiur.
429 3099 481 3162 Qui
491 3099 559 3152 eninr
570 3112 598 3151 se
607 3105 740 3166 propterea
751 3097 886 3152 beuiierem
897 3097 1029 3151 aestimat,

884 3372 914 3396 h..
