2256 3420
492 187 618 232 0AP.1L
978 183 1016 241 37

83 380 114 417 ex
123 379 148 415 v.
162 363 204 417 11.
218 361 531 430 11111111201111111.
543 363 568 411 i.
580 360 667 412 rustici
680 359 786 425 Amasis
801 377 831 413 er
843 376 866 412 1.
878 362 920 416 21.
937 376 1019 428 nsque

83 441 118 492 ad
131 441 175 493 tt.
213 439 332 490 Conferat
344 438 436 490 deinde
450 438 564 490 ordinem
576 445 601 488 et
610 438 722 489 rationes
732 438 877 505 prophetiae
886 440 1018 500 Ieremiae,

84 531 155 583 quas
165 529 221 582 cap.
233 516 275 567 10.
286 516 312 582 ¹)
325 514 469 566 Edomaeae
478 516 592 580 scripsit,
613 528 671 565 cum
682 515 770 567 ordine
779 523 804 567 et
813 512 953 567 rationibus
962 515 1019 565 Eo-

83 592 189 645 badiae.
225 591 344 643 Conferat
354 606 429 658 porro
438 592 514 642 etiam
523 591 614 641 Esaiae
623 605 680 657 cap.
690 593 733 644 10.
744 591 814 643 nli.
824 593 867 645 20.
878 598 903 642 11
912 591 1019 656 capti.

84 669 183 720 1118.
196 667 572 735 cumcap.8.v.b.ctcap.13.
584 669 639 721 12.
675 669 786 720 1111111.
821 666 1020 718 Etsicdecete-
1052 686 1058 695 ·

84 747 134 798 ris.
170 746 243 808 Quae
257 746 280 796 si
294 745 379 796 omnia
390 752 455 795 recte
466 742 669 810 perpendantur,
685 743 757 796 facile
767 744 916 806 ostendent,
935 744 1019 796 Deum

14 866 18 873 .
84 820 189 875 nullum
199 820 291 873 habere
301 820 396 887 stglnm
407 821 560 885 peculiarem
570 818 684 882 dicendi,
704 819 749 871 sed
759 827 858 873 tantam
873 835 918 887 pro
932 818 1021 871 erudi·

84 901 155 949 tione
165 905 191 950 et
199 898 339 964 capacitate
349 897 486 963 prophetae
497 903 602 948 eatenus
612 910 670 947 esse
680 896 835 962 elegantem,
854 897 1021 963 compendio-

84 989 161 1044 sum,
175 989 308 1036 seuerum,
324 973 428 1035 rudem,
445 972 571 1040 prolixum
580 980 604 1022 et
613 970 762 1023 obscurum.

137 1049 180 1105 20.
201 1051 456 1115 Repraesentationcs
471 1049 632 1116 propheticae
645 1055 671 1100 et
684 1047 883 1115 hieroglyphice,
904 1051 1020 1116 quamvis

84 1125 155 1177 idem
165 1118 353 1192 signiiicarent,
372 1125 502 1178 variabant
512 1134 610 1185 tamem
631 1140 689 1176 nam
699 1125 789 1176 Esaiae
803 1125 874 1176 aliter
883 1127 929 1178 Ilei
943 1127 1021 1192 gloria

84 1201 213 1268 templum
222 1202 370 1269 relinquens
380 1210 566 1269 repraesentata
576 1203 633 1264 luit,
645 1216 722 1267 qnam
732 1202 856 1254 Ezechieli
864 1203 901 1269 ²).
925 1202 1021 1254 llahini

85 1286 174 1329 autem
184 1279 272 1330 volunt
279 1286 415 1344 utramque
425 1281 680 1345 repraesentationem
691 1279 796 1330 eandem
808 1294 913 1346 prorsus
923 1279 1019 1337 luisset

85 1354 340 1419 athechlelem,'ut
354 1357 490 1421 rusticum,
508 1372 563 1408 eam
582 1355 780 1421 supramodum
795 1358 913 1406 miratum
929 1356 1018 1415 luisse,

85 1439 111 1484 ct
121 1431 180 1483 ideo
190 1431 274 1498 ipsam
284 1431 404 1483 omnihus
415 1434 612 1484 circumstantiis
622 1433 788 1484 enarrarisse.
823 1433 957 1495 Attamen,
970 1432 1020 1482 nisi

86 1507 190 1559 eiusrei
200 1515 293 1559 certam
303 1507 448 1560 hahuerunt
461 1509 636 1570 traditionem,
657 1508 726 1574 quod
741 1509 845 1560 minime
860 1508 947 1571 credo,
965 1522 1020 1559 rem

86 1583 163 1649 plane
179 1581 287 1650 fingunt.
323 1586 389 1635 Nam
405 1586 494 1636 Esaias
510 1584 662 1650 Seraphincs
672 1587 742 1636 senis
753 1585 814 1651 alis,
834 1585 950 1636 Ezechiel
962 1599 1021 1636 tero

85 1658 184 1711 bestias
203 1663 335 1725 quaternis
353 1660 402 1712 alis
421 1662 491 1712 vidit.
527 1663 617 1712 Esaias
636 1661 697 1712 vidit
712 1663 796 1712 licum
813 1662 933 1714 restitum
952 1668 977 1712 et
993 1662 1021 1712 in

86 1735 153 1787 solio
168 1738 237 1800 regio
251 1738 397 1798 sedentem,
417 1738 535 1789 Ezechiel
551 1745 637 1789 autem
650 1739 730 1789 instar
744 1739 824 1803 ignis;
844 1745 951 1803 uterque
964 1738 1020 1788 sine

86 1810 169 1864 dubio
178 1812 261 1863 ileum
272 1813 342 1877 uidit,
353 1822 429 1881 prout
437 1815 524 1880 ipsum
536 1815 667 1878 imaginari
678 1813 786 1865 solebat.
821 1814 864 1869 21.
882 1811 1021 1864 Variahant

86 1896 218 1954 praeterea
228 1891 473 1956 repraesentationes
484 1905 535 1941 non
549 1890 624 1941 modo
638 1897 751 1951 tentum,
769 1888 816 1940 sed
831 1891 906 1940 etiam
919 1889 1021 1954 perspi-

87 1965 196 2026 cnitotc;
212 1979 272 2017 nam
281 1968 525 2033 repraesentationes
535 1965 668 2018 Zachariae
677 1964 838 2017 obscuriores
848 1971 930 2027 erant,
943 1978 1020 2029 quam

88 2048 118 2092 nt
132 2039 164 2093 ab
180 2042 236 2108 ipso
252 2041 351 2109 absque
367 2043 531 2109 explicatione
549 2050 656 2109 possent
673 2042 795 2107 intelligi,
814 2049 845 2093 ut
861 2055 889 2093 er
906 2043 1021 2107 ipsarum

88 2118 234 2170 narratione
249 2125 362 2177 coactam
382 2120 497 2171 Danielis
511 2126 596 2171 antem
611 2119 687 2170 etiam
704 2119 841 2185 explicatae
855 2132 902 2170 nec
917 2116 1021 2184 abipso
1052 2127 1054 2130 ’

88 2193 214 2261 propheta
227 2202 366 2261 potuerunt
379 2196 496 2261 intelligi.
532 2195 608 2258 Quod
623 2194 727 2261 quidem
743 2209 795 2247 nou
805 2195 1021 2260 contigitpropter

87 2270 123 2320 rei
134 2269 283 2322 revelandae
294 2269 464 2323 difficultatem
479 2271 524 2338 (de
540 2270 616 2322 rebus
631 2273 698 2322 enim
713 2271 833 2323 humanis
848 2278 945 2323 tantum
957 2283 1025 2334 age-⁷

88 2344 179 2408 hatur,
199 2361 264 2412 quae
278 2347 383 2412 quidem
397 2348 491 2399 limites
509 2347 636 2399 humanae
654 2349 799 2414 capacitatis
818 2363 868 2399 non
887 2345 1019 2406 excedunt,

88 2424 140 2474 nisi
155 2424 216 2488 quia
232 2424 332 2475 laturae
345 2427 434 2491 sunt),
453 2423 500 2476 sed
510 2431 607 2474 tantum
618 2425 677 2488 quia
688 2425 802 2476 Danielis
811 2423 959 2488 imaginatio
969 2424 1019 2471 noh

87 2514 171 2564 aeque
184 2499 284 2551 valebat
302 2500 333 2551 ad
352 2500 556 2567 prophetandum
571 2499 709 2564 vigilando,
730 2514 759 2551 ac
774 2502 799 2551 in
818 2500 930 2558 somnis;
952 2496 1021 2563 quod

89 2576 196 2641 quidem
205 2576 264 2627 inde
274 2585 386 2642 apparet,
399 2576 467 2642 quod
478 2579 563 2626 statim
574 2577 599 2626 in
609 2577 680 2626 initio
690 2576 847 2627 revelationis
858 2577 892 2625 ita
901 2577 1022 2640 perterri-

86 2661 131 2704 tus
141 2653 204 2712 luit,
224 2653 314 2704 utlere
324 2652 356 2703 de
366 2653 421 2703 suis
434 2651 531 2704 viribus
546 2651 701 2717 desperaret.
738 2653 823 2714 Quare
838 2659 939 2718 propter
953 2653 1021 2703 ima-

88 2731 228 2796 ginationis
244 2736 269 2779 et
279 2729 369 2779 virium
380 2728 578 2780 imbecillitatem
589 2743 629 2778 res
639 2728 687 2792 ipsi
697 2727 836 2778 admodum
847 2727 970 2780 obscurae
979 2743 1021 2780 re·

88 2813 264 2872 praesentatae
275 2805 388 2868 luerunt,
400 2820 484 2870 neque
494 2819 537 2855 eas
547 2805 623 2854 etiam
634 2804 769 2870 explicatas
778 2805 917 2871 intelligere
927 2806 1019 2870 potuit.

87 2884 132 2935 22.
142 2882 177 2932 Et
187 2882 225 2931 hic
236 2881 377 2935 nomadum
387 2881 461 2932 rerba
471 2897 485 2933 a
495 2881 600 2932 Daniele
610 2880 696 2932 audita
706 2880 749 2948 (ut
757 2895 836 2950 snpra
844 2867 1020 2949 ostendimur)

91 3001 260 3014 -u--t-

140 3068 162 3118 11
180 3066 206 3108 v.
217 3067 296 3106 1-11.

138 3124 599 3183 mmmmmmfflmmt
