2256 3420
505 161 573 204 cut’.
600 160 619 205 1.
657 189 659 193 .
685 161 689 169 '
989 157 1026 214 17

94 337 127 389 ud
144 335 309 388 iormundum
321 333 448 401 quisdam
463 335 579 386 notiones
594 347 679 384 rerum
698 339 814 385 usturam
833 334 986 400 explicentes
1003 342 1029 388 et

94 417 161 465 vitoe
172 428 248 469 usum
259 412 394 470 docentesr
416 413 505 462 merito
515 411 609 462 mentis
619 418 745 471 naturum,
766 411 1028 476 quatenustslisoon-

80 492 203 556 cipitur,
214 490 332 556 ‚primum
347 488 446 539 divinoe
461 487 619 538 revolutionis
632 501 735 539 consum
749 495 860 539 statuere
876 501 1026 552 possumus.

94 567 134 617 Es
143 566 211 617 enim
222 565 323 623 omnir,
342 577 407 630 quse
417 564 482 615 clere
492 571 516 615 et
527 564 644 616 distincte
654 563 835 629 intelligimus,
856 564 904 614 liei
918 562 974 615 ides
986 561 1029 630 (nt

95 641 175 694 modo
189 641 375 709 indicavimus)
390 648 417 693 et
432 647 521 691 ustum
535 639 611 692 nobis
627 639 720 702 dictet,
741 654 792 691 non
810 639 915 706 quidem
934 637 1027 700 verbis,

95 718 144 771 scd
160 717 236 770 modo
251 717 327 784 longe
341 717 532 778 excellentiore,
552 723 577 767 et
591 717 709 780 quicum
723 724 813 768 nature
828 716 920 769 mentis
933 717 1028 782 optime

96 795 229 859 contenit,
247 801 276 845 nt
288 794 483 860 unnsquisque,
502 794 546 858 qui
563 793 739 844 certitudinem
754 792 1027 858 intellectusgustevit,

96 870 168 938 apud
182 884 210 922 se
226 871 282 922 sine
296 868 375 922 dubio
390 877 507 936 expertus
520 876 569 920 est.
606 869 632 919 o.
651 869 745 920 Verum
760 871 881 934 quonism
892 869 1030 921 menmiu-

96 947 218 999 stitutnm
229 947 363 1013 praecipue
372 953 426 1006 est,
446 945 478 996 de
488 947 520 997 iis
530 953 630 997 tentum
642 945 726 1012 loqui,
747 961 812 1012 quae
822 945 903 997 solum
913 946 1030 1012 Scriptu-

96 1039 152 1075 mm
162 1030 287 1090 spectent,
296 1023 390 1074 sufficit
400 1021 537 1074 delumine
548 1022 655 1073 naturali
664 1022 726 1073 haec
735 1037 816 1089 peuce
824 1023 926 1074 dixisse.
943 1024 1029 1086 Querc

97 1100 130 1151 ud
141 1099 204 1151 elius
213 1113 304 1151 canses
315 1106 341 1151 et
350 1100 446 1160 medio,
462 1098 558 1165 quibus
567 1100 638 1150 Deus
648 1113 677 1149 eu
687 1098 834 1150 hominibus
844 1099 948 1160 revelat,
963 1113 1029 1164 quoe

98 1177 194 1227 limites
204 1175 327 1228 naturalis
337 1176 490 1242 cognitionis
500 1176 632 1239 excedunt,
649 1183 673 1225 et
683 1177 757 1226 etiam
768 1190 834 1242 quse
843 1190 894 1226 non
906 1175 1030 1226 excedunt

97 1253 256 1320 (nihilonim
271 1253 393 1318 impedit,
412 1267 464 1317 qno
480 1252 647 1303 minuslieus
661 1265 689 1302 eo
705 1253 772 1318 ipse,
794 1267 859 1317 quse
872 1266 920 1302 nos
934 1252 1030 1302 lumine

98 1337 205 1381 neturus
218 1331 410 1394 cognoscimus,
431 1328 580 1380 uliismodis
590 1328 737 1380 hominibus
747 1327 931 1396 communicet)
941 1343 1029 1394 pergo,

97 1413 127 1457 ut
137 1405 168 1456 de
178 1405 210 1455 iis
221 1403 341 1471 prolixius
352 1418 435 1470 egem.
1038 1405 1040 1408 ’

149 1480 175 1533 7.
194 1482 290 1532 Verum
305 1482 373 1533 enim
387 1496 445 1532 vero
459 1481 582 1547 quicquid
596 1481 627 1533 de
644 1482 675 1532 iis
692 1481 741 1532 dici
755 1488 840 1547 potest
857 1496 887 1533 ex
900 1482 1029 1548 Scriptum

98 1557 153 1610 solu
166 1558 220 1624 peti
233 1557 318 1610 debet.
354 1559 418 1608 Num
433 1558 536 1625 quidde
549 1558 627 1609 rebus
638 1558 730 1610 limites
741 1559 820 1610 nostri
831 1559 972 1611 intellectus
982 1573 1028 1610 ex-

99 1633 251 1686 cedentibus
266 1633 350 1685 dicere
366 1648 507 1700 possumus
521 1643 620 1700 praeter
634 1635 674 1695 id,
695 1634 763 1700 quod
778 1650 807 1686 ex
820 1637 885 1700 ipsis
900 1637 1029 1702 prophetis

99 1724 142 1762 ore
153 1712 191 1762 rel
201 1711 297 1777 scripto
308 1697 382 1761 nobis
393 1707 516 1762 tradituri
549 1711 581 1761 Et
591 1713 651 1776 quin
660 1711 735 1763 hodie
746 1712 838 1775 nullos,
859 1712 928 1777 qnod
938 1713 1027 1778 seium,

100 1786 227 1839 hebemus
243 1787 393 1854 prophetes,
413 1788 474 1838 nihil
489 1786 563 1838 nobis
574 1788 742 1852 relinquitur,
762 1788 811 1839 nisi
823 1801 892 1838 sucre
902 1788 1031 1843 volumine

100 1863 176 1915 nobis
191 1878 205 1915 ι
220 1864 350 1930 prophetis
364 1864 449 1915 relicto
465 1863 591 1915 evolvere:
611 1863 657 1914 hnc
667 1863 771 1928 quidem
781 1865 911 1925 cautione,
931 1864 1030 1915 utniltil

101 1939 136 1991 de
150 1940 279 1992 similibus
293 1939 371 1991 rebus
385 1948 529 1992 statuemus
543 1946 588 1990 eut
600 1940 666 2006 ipsis
680 1939 809 2006 prophetis
825 1938 920 2003 aliquid
931 1938 1031 1991 tribuu-

101 2030 173 2077 mus,
186 2016 255 2081 quod
267 2016 315 2082 ipsi
326 2031 376 2067 non
387 2017 451 2067 clure
462 2016 627 2074 dictaverunt.
663 2017 690 2068 8.
709 2016 759 2066 Sed
769 2016 809 2066 hic
819 2017 933 2081 opprime
943 2025 1031 2068 notun·

100 2092 176 2154 dum,
196 2094 266 2158 quod
281 2092 369 2145 ludaei
384 2108 517 2159 nunquam
531 2107 668 2144 causarum
677 2092 819 2144 mediorum
829 2093 881 2144 sive
891 2092 1030 2164 porticulu-

102 2171 169 2220 rium
184 2167 280 2219 iaciunt
295 2170 449 2220 mentionem
460 2183 506 2220 nec
517 2184 561 2222 ees
570 2176 672 2231 curent,
693 2169 738 2221 sed
749 2167 878 2234 religionis
890 2184 919 2220 nc
928 2171 1030 2235 pietatis

100 2246 153 2297 site
168 2243 211 2312 (ut
225 2245 300 2307 vulgo
309 2245 358 2296 dici
369 2247 446 2313 solet)
462 2246 601 2297 devotionis
610 2260 685 2297 reuss
696 2245 728 2296 ed
737 2248 819 2297 Deum
834 2261 934 2311 semper
945 2238 1032 2297 recur-

101 2329 169 2372 mnt.
201 2322 229 2373 Si
238 2322 307 2373 enim
318 2337 357 2372 ex.
367 2337 405 2387 gr.
415 2323 550 2387 pecuniam
561 2329 699 2373 mercatura
709 2322 796 2374 lucenti
805 2331 876 2383 sunt,
888 2337 942 2372 eum
953 2337 967 2372 u
978 2325 1030 2374 lieo

100 2397 150 2448 sibi
169 2397 279 2449 oblntnm
297 2399 381 2457 siunt3
410 2399 432 2450 si
452 2398 547 2464 aliquid
567 2407 595 2451 ut
613 2399 660 2461 sit,
686 2399 804 2465 cupiunt,
827 2400 928 2458 dicunt,
946 2400 1030 2450 Deum

100 2488 189 2525 eorum
204 2487 247 2526 cor
261 2473 433 2540 disposuisse,
454 2483 479 2527 et
498 2474 597 2541 siquid
618 2476 692 2526 etium
711 2477 833 2540 cogitent,
852 2477 935 2530 Deum
949 2475 974 2526 id
993 2478 1031 2528 eis

101 2550 195 2602 dixisse
204 2551 285 2602 ciunt.
322 2552 407 2614 Quare
418 2566 468 2602 non
483 2566 559 2603 omne
569 2550 608 2614 id,
629 2552 697 2618 quod
708 2552 836 2617 Scriptum
847 2553 972 2619 uillicum
982 2554 1031 2604 eli-

100 2627 142 2677 cui
157 2625 268 2689 dixisse,
290 2641 334 2695 pro
350 2628 481 2694 prophetin
491 2635 515 2679 et
525 2629 666 2694 cognitione
675 2627 860 2696 supranaturali
872 2626 1028 2692 habendum,

96 2702 148 2754 'sed
164 2709 263 2753 tentum
279 2703 319 2766 id,
340 2704 408 2769 quod
429 2706 558 2770 Scriptum
573 2719 690 2770 expresse
705 2704 777 2766 dicit,
796 2703 834 2756 tel
849 2705 917 2770 quod
933 2721 963 2758 ex
980 2708 1032 2758 cir·

101 2779 264 2832 cumetentiis
282 2781 433 2833 narrationis
450 2783 580 2847 sequitur,
605 2780 763 2848 prophetiam
781 2781 834 2832 sive
853 2782 1030 2835 revolutionem

101 2855 193 2907 tuisse.
478 2863 480 2867 ⁴

152 2933 178 2983 il.
197 2932 225 2984 Si
240 2932 317 2998 igitur
335 2938 406 2985 succi
424 2933 551 2986 volumine
571 2947 763 2999 percurremus,
782 2934 940 2997 videbimus,
960 2934 1030 3000 quod

101 3010 202 3070 omniu,
226 3023 292 3075 quse
310 3011 380 3062 Deus
397 3011 527 3078 prophetis
546 3011 674 3072 revelarit,
698 3011 730 3062 iis
748 3012 853 3063 reveletu
872 3011 974 3063 fuerunt
992 3011 1030 3063 vel

101 3083 199 3146 oer‘br'r,
219 3085 256 3136 tel
264 3087 378 3152 figuris,
398 3087 436 3139 tel
449 3092 559 3155 utroque
573 3086 720 3155 locmotlo,
738 3087 826 3142 texitis
833 3087 1047 3152 stillmtnguixs.

135 3169 249 3236 spinosa
264 3172 308 3222 111.
817 3177 841 3232 ‘2

86 3353 202 3399 nt
