2256 3420
479 189 547 234 cer.
574 188 608 234 ιι.
907 167 911 171 ’
965 184 1007 245 ep

72 367 142 418 inter
152 362 265 416 obscure
273 368 299 416 et
307 354 509 430 impenetrabilia
518 377 612 431 ponere
622 362 696 426 iicet,
715 368 759 415 eut
773 363 805 415 ed
815 361 917 415 libitum
927 363 1010 417 inter·

72 441 179 509 pretori.
216 441 259 495 ii.
277 441 361 506 Exqr.
373 439 435 491 nihii
446 440 471 491 in
481 441 610 505 Scriptura
620 439 726 504 cierins,
748 454 827 506 quam
837 438 908 505 qnod
921 441 1007 505 lorna,

71 526 98 571 et
117 517 185 569 iorte
203 517 279 568 etiam
298 521 398 579 auctor,
420 517 464 580 qui
481 517 538 568 eius
556 515 689 568 historiam
706 516 823 583 scripsit,
847 522 1007 582 pntrrcrnnt,

72 593 157 653 eciem
167 592 265 644 circen
275 598 367 644 terram
378 592 488 654 moveri,
500 599 591 643 terrem
603 599 687 644 autem
697 594 843 659 quiescere,
855 599 880 643 ct
888 590 958 657 quod
969 592 1010 644 eoi

72 685 121 737 per
134 667 241 735 aliquod
254 674 356 734 tempns
370 668 493 719 immotus
504 669 617 732 stetit1).
653 669 773 723 Attamen
783 669 871 732 muiti,
891 667 950 733 qnia
960 681 1010 719 no-

72 748 133 798 iunt
150 744 291 798 concedere
309 744 337 795 in
355 744 433 796 coeiis
448 744 560 809 eiiqnam
575 759 650 810 posse
665 746 718 796 deri
735 746 917 805 mutationem,
935 741 1010 795 iiinnr

72 822 160 875 locum
170 823 206 874 ite
217 820 355 887 explicant,
370 827 400 871 ut
409 820 473 872 nihii
483 820 566 872 simiie
577 821 659 872 dicere
670 820 795 884 ridentum
816 822 859 874 aiii
868 829 954 873 entem
964 819 1010 886 qni

75 899 172 950 rectius
186 895 359 963 philosopheri
375 897 531 960 didicerunt,
551 899 671 962 quoniam
686 898 831 965 intelligunt
845 906 936 951 terrem
950 910 1009 949 mo·

74 975 144 1037 reri,
155 973 237 1025 solem
247 980 334 1024 contre
343 973 475 1038 quiescere
486 975 538 1025 sire
549 975 645 1025 circum
655 981 748 1026 terram
758 990 809 1027 non
819 975 923 1040 moveri,
934 987 1010 1026 snm·

74 1053 125 1102 mie
136 1049 235 1103 viribus
245 1048 312 1101 idem
323 1062 353 1100 er
361 1050 505 1116 Scriptura,
522 1051 639 1115 quamvis
648 1059 733 1118 aperte
743 1051 910 1114 reclamante,
925 1057 1011 1103 extor-

74 1140 155 1193 quere
172 1132 311 1177 conantur:
330 1139 396 1190 quos
413 1139 475 1177 eene
492 1127 580 1177 miror.
624 1127 668 1182 27.
685 1126 741 1193 An,
762 1141 874 1194 quaeso,
893 1135 1011 1179 tenemur

74 1202 194 1264 credere,
213 1201 284 1268 quod
297 1201 373 1253 miles
383 1203 460 1253 losua
474 1203 656 1255 astronomiam
670 1201 797 1255 caiiehati
813 1210 839 1254 et
851 1202 920 1269 qnod
930 1204 1010 1256 mire·

73 1279 163 1332 cuium
178 1278 202 1331 ci
217 1277 322 1330 rereiari
337 1293 389 1330 non
404 1279 500 1353 potuit,
520 1287 564 1331 aut
578 1280 646 1345 quod
661 1279 704 1331 iun
719 1279 781 1331 soiis
795 1294 846 1330 non
857 1279 1009 1346 potuitdiu-

73 1355 176 1407 turnior
189 1354 264 1406 solito
278 1369 355 1420 supra
371 1354 526 1407 horizontem
541 1370 612 1418 esse,
633 1356 683 1407 uisi
693 1358 769 1407 losua
784 1357 953 1408 eiuscansam
963 1355 1008 1406 in-

72 1427 217 1498 telligeret?
250 1431 314 1484 iiiii
328 1445 390 1483 eane
405 1437 544 1499 utrumque
559 1431 705 1483 ridiculum·
715 1432 827 1495 videtum
846 1432 912 1484 maio
931 1431 1009 1497 igitur

74 1515 163 1575 aperto
179 1507 262 1560 dicere
277 1509 379 1559 {usuam
395 1506 560 1560 diuturnioris
574 1508 642 1560 iiiius
652 1508 716 1560 iucie
726 1523 923 1562 causemteram
933 1509 1008 1574 ipoc-

74 1586 185 1657 ratisse,
196 1574 309 1650 eumque
319 1599 472 1650 omnemque
483 1584 596 1648 turham,
609 1600 675 1651 quae
684 1585 778 1649 aderat,
789 1585 867 1638 simui
878 1585 1007 1652 putavisse

73 1661 156 1714 solem
175 1667 247 1712 motu
266 1660 358 1712 diurno
376 1662 440 1712 cirea
459 1669 550 1712 terram
569 1662 676 1724 moveri,
697 1669 722 1713 et
736 1662 779 1714 iiio
794 1663 835 1715 die
848 1660 1008 1728 aliquamdiu

74 1737 192 1803 stetisse,
209 1736 288 1802 idque
297 1750 400 1789 caueam
411 1737 576 1789 diuturnioris
587 1738 655 1789 iliius
664 1737 730 1789 lucis
740 1738 895 1801 credidisse,
914 1751 962 1788 neo
974 1734 1008 1788 ad

73 1814 100 1866 id
107 1813 268 1875 attendisse,
280 1813 348 1878 quod
359 1828 387 1864 er
397 1815 475 1864 nimia
485 1814 579 1878 glacie,
596 1828 662 1880 quae
673 1821 726 1865 tum
737 1814 857 1881 temporis
868 1815 894 1864 in
905 1811 1008 1878 regione

74 1891 142 1942 airis
156 1897 212 1942 erat
225 1889 393 1956 (videlosuac
402 1905 458 1956 cap.
471 1891 511 1941 ro.
523 1905 546 1941 ι.
559 1890 630 1956 11.),
650 1888 765 1940 retractio
775 1890 850 1941 solito
860 1890 940 1940 maior
949 1887 1008 1938 oriri

75 1967 198 2034 potnerit,
209 1967 248 2018 vei
259 1966 327 2018 aiiud
338 1966 400 2032 quid
411 1966 503 2029 simiie,
515 1966 583 2032 qnod
594 1967 644 2018 iem
655 1980 705 2017 non
715 1966 880 2032 inquirimus.
911 1962 955 2016 28.
965 1962 1009 2015 Sic

75 2044 152 2096 etia·
162 2042 256 2094 Esaiae
270 2043 372 2108 signum
387 2042 493 2094 umbrae
506 2043 664 2109 retrogradae
678 2041 710 2094 ad
726 2043 810 2108 ipsius
823 2048 927 2108 captum
936 2053 1009 2092 rere-

75 2118 226 2182 transumit,
247 2119 762 2188 nempeperreuogradetionarnsotis2).
797 2117 1008 2183 Nemetiampu·

75 2195 146 2248 tabat
153 2194 235 2247 soiem
246 2196 349 2258 moveri,
361 2202 386 2247 et
395 2203 486 2248 terrem
497 2197 645 2262 quiesceres
662 2203 687 2248 et
696 2197 727 2248 de
736 2194 856 2265 perheiiis
866 2194 929 2246 iorte
938 2206 1008 2244 nun·

74 2288 153 2340 quam
165 2287 266 2338 necper
276 2273 404 2324 somnium
415 2272 540 2337 cogitavit.
577 2274 653 2336 Quod
668 2271 742 2324 nobis
757 2273 812 2325 sinc
824 2271 875 2323 uiio
884 2267 1007 2335 scrupulo
1075 2270 1083 2285 ⁸

74 2357 187 2402 statuere
200 2349 273 2407 iicet;
294 2361 352 2399 nam
367 2349 470 2414 signnm
485 2363 569 2401 revera
583 2351 728 2415 contingere
743 2354 853 2416 poterat,
873 2354 897 2398 et
910 2346 963 2410 regi
973 2342 1006 2395 ab

73 2428 151 2479 Esaia
166 2425 291 2492 praedici,
312 2426 427 2490 quemvis
444 2425 565 2494 propheta
580 2440 662 2477 veram
677 2426 733 2476 eius
748 2438 853 2477 ceumm
871 2423 1005 2488 ignoraret.

72 2504 117 2558 29.
136 2501 279 2554 Doiabrica
289 2501 448 2564 Salomonis,
464 2502 643 2573 siqnidemiiia
654 2504 732 2553 alico
743 2498 921 2561 revelantate,
938 2498 1006 2552 idem

73 2582 151 2632 etiam
167 2577 320 2631 dicendum:
339 2592 432 2645 nempe
447 2578 517 2644 quod
532 2592 621 2629 omnes
631 2580 686 2630 cius
697 2589 886 2642 mensuraepro
896 2582 971 2644 captu
981 2583 1007 2630 et
1044 2602 1047 2607 ·

73 2654 241 2724 opinionibus
257 2655 403 2706 Salomonis
414 2655 438 2705 ei
452 2655 573 2707 revelatae
589 2655 704 2714 inerunt;
725 2654 786 2719 quia
795 2651 864 2703 enim
873 2667 923 2706 noo
934 2660 1008 2706 tene-

73 2749 133 2787 mur
143 2732 245 2785 credere
254 2729 417 2782 Salomonem
428 2732 633 2782 mathematicum
643 2730 733 2782 inisse.
768 2730 839 2782 Licet
853 2727 928 2782 nobis
937 2729 1008 2782 affir-

73 2825 159 2872 mare,
178 2822 238 2861 eum
250 2808 373 2859 rationem
383 2809 449 2859 inter
458 2808 626 2875 peripheriam
636 2813 661 2859 et
670 2806 757 2858 circuli
769 2805 921 2858 diametrum
931 2807 1006 2873 igno-

72 2887 187 2948 ravisse,
200 2892 225 2936 et
234 2897 293 2935 cnm
302 2884 377 2950 vulgo
387 2884 559 2951 operariorum
568 2884 698 2952 putavisse
709 2897 765 2936 eam
775 2897 846 2946 esec,
862 2889 891 2936 ut
900 2884 927 2936 3.
936 2882 969 2936 ed
979 2885 1004 2937 i.

72 3012 246 3029 ——-=--¹

125 3073 145 3115 tt
165 3069 214 3113 vid.
226 3070 272 3114 ios.
282 3080 302 3113 c.
313 3070 345 3113 to.
356 3081 376 3113 r.
387 3071 419 3112 12.
429 3081 480 3128 sqq.

123 3133 146 3184 2)
165 3129 214 3175 vid.
226 3129 271 3175 lca.
282 3130 344 3173 este.
354 3141 375 3172 r.
385 3130 405 3173 t.
