2256 3420
339 519 762 616 reinildis.

470 717 636 728 ——-

135 799 208 870 Duo
220 833 286 884 quse
300 823 399 869 restant
412 817 569 884 Spinozae
583 818 712 882 operum
727 822 847 868 contenta
862 824 925 868 sunt
941 824 1025 868 tomo

81 898 192 949 tertio.

543 980 566 1028 1.

137 1067 308 1126 Tractitns
334 1061 726 1129 theologico-politicus,
753 1064 800 1128 qni
826 1064 961 1132 permagni
985 1070 1026 1116 est

86 1151 214 1202 momenti
227 1149 260 1202 ad
273 1148 410 1201 Benedicti
424 1149 456 1199 de
467 1149 536 1209 lieo,
554 1147 725 1211 revelatione,
746 1150 875 1214 seriptum
885 1164 973 1212 saera,
993 1149 1025 1201 de

87 1236 187 1287 ratione
201 1247 267 1300 quae
281 1233 421 1285 intercedit
432 1233 501 1283 inter
513 1231 709 1299 philosophiam
724 1239 750 1283 et
766 1233 938 1298 theologiam,
957 1235 1026 1286 inter

87 1320 227 1373 eeclesiam
237 1326 262 1369 et
271 1319 401 1370 civitatem
410 1317 445 1368 tl.
456 1317 600 1368 sententias
610 1317 678 1368 olere
686 1317 894 1384 perspiciendas.
925 1317 1027 1370 Prodiit

85 1406 202 1472 primum
220 1403 326 1454 nomine
336 1401 473 1468 scriptoris
486 1402 586 1453 omisso
595 1401 622 1451 h.
634 1408 669 1452 tx
690 1400 852 1464 ‚Jinntatm
866 1402 1027 1466 theolegien-

81 1490 211 1556 poh'tienr
232 1487 369 1538 continens
392 1485 592 1537 dissertationes
614 1486 729 1551 aliquot,
758 1486 856 1551 quibus
879 1487 1027 1539 ostenditur

86 1574 236 1626 libertatem
247 1569 451 1639 philosophandi
465 1585 517 1622 non
530 1577 631 1622 tantum
645 1571 715 1623 selva
725 1571 820 1637 pietate
832 1577 859 1623 et
866 1572 1026 1638 reipublicae

86 1672 151 1724 paee
164 1669 244 1725 posse
258 1654 382 1717 concedi,
402 1656 450 1707 sed
460 1656 570 1706 eandem
579 1655 631 1706 nisi
642 1670 700 1706 eum
710 1669 774 1722 paee
783 1654 945 1722 reipnhlieae
955 1657 1028 1723 ipsa-

87 1757 139 1808 que
153 1741 250 1808 pietate
263 1739 321 1791 tolli
334 1754 388 1790 non
400 1754 489 1806 posse.
525 1739 673 1804 llamburgi
687 1741 756 1807 apud
770 1741 915 1792 ilenrionm
935 1742 1028 1793 linen-

88 1827 146 1877 rath
165 1824 379 1890 (Amstelodami.
394 1825 464 1893 apud
483 1823 632 1890 Christoph
654 1825 773 1887 conrad)
794 1823 893 1875 1670.“
920 1825 945 1874 4.
976 1826 1026 1896 233

88 1924 165 1978 pagg.
203 1909 255 1961 Sed
268 1909 309 1960 rix
323 1908 410 1960 editus
424 1908 452 1958 in
461 1908 549 1960 lucem
557 1920 702 1975 oppressus
714 1915 754 1960 est
762 1906 832 1960 liber
839 1907 948 1974 publiea
956 1909 1029 1961 ordi·

89 2009 152 2046 num
166 1996 322 2045 Batavorum
344 1993 496 2044 auctoritate
520 1992 607 2057 (haud
627 1992 708 2044 dubie
726 1992 843 2059 impulsu
861 1993 1028 2045 secerdotum

89 2078 248 2129 ludaeorum
267 2083 292 2128 et
301 2076 456 2152 elericorum
475 2076 696 2141 Christianorum)
717 2083 743 2128 et
758 2079 826 2129 inter
840 2077 923 2128 libros
937 2077 1029 2144 prohi-

88 2163 160 2214 hitos
179 2161 323 2223 relatusst)
358 2163 450 2225 ltaque
469 2162 581 2213 triennio
605 2169 665 2229 post
683 2161 769 2212 denuo
789 2177 899 2214 excusus
918 2171 957 2214 est
980 2161 1029 2214 hoc

90 2247 165 2297 titulo
181 2244 297 2296 oeenlto:
318 2245 571 2319 ,‚Donielielleipeii
584 2262 694 2315 operum
709 2246 894 2298 historicorum
909 2247 1029 2300 collectio

90 2331 184 2399 prima.
221 2327 310 2380 Editio
333 2330 449 2381 secunda
471 2331 552 2400 priori
578 2333 692 2385 editione
715 2331 797 2383 multo
819 2333 980 2384 emendatior
1003 2340 1029 2384 et

90 2416 198 2466 auctior.
235 2412 371 2464 Accedunt
386 2416 769 2478 quaedamhaetenusineditn.
806 2417 928 2482 Lugduni
938 2419 1026 2470 Batar.

90 2499 161 2568 apud
190 2500 311 2549 lsaeenm
333 2499 457 2550 Herculis
482 2500 582 2553 1673.“
613 2504 639 2552 8.
673 2502 722 2553 334
740 2502 852 2568 pngg.²)
892 2503 1029 2554 Praetereo

93 2629 261 2638 -..-..-...

141 2703 163 2751 t)
177 2700 228 2744 vid.
237 2696 405 2757 Pierrevaple
419 2701 572 2746 dictionnnire
581 2703 710 2759 historique
719 2708 743 2746 et
752 2703 877 2758 eritique's.
889 2701 987 2757 Spinota
998 2703 1026 2744 l).

92 2767 114 2802 et
122 2758 182 2801 dean
191 2758 260 2800 Brun
268 2758 291 2803 la
301 2760 415 2805 veriteble
424 2760 524 2816 religion
534 2761 575 2806 des
584 2761 722 2806 lloilandais
732 2763 790 2804 tete.
801 2772 854 2816 pag.
866 2763 910 2802 trs.

140 2829 162 2877 2)
176 2827 269 2871 Adnexa
284 2833 320 2872 est
338 2827 470 2884 „Golleetio
488 2829 598 2873 seeundo.
625 2829 702 2874 Editio
718 2828 828 2873 secunda.
856 2827 928 2882 lugd.
948 2828 1026 2870 Batnv.

92 2884 168 2928 tete.“
182 2888 217 2942 6.,
236 2897 298 2942 qnae
312 2891 349 2930 est
362 2887 433 2931 editio
451 2887 525 2932 nitere
542 2887 597 2933 libri
615 2886 729 2930 Lienovici
746 2885 837 2942 Meyeri
855 2885 1027 2943 „Philosophia

91 2944 221 3000 seripturae
235 2943 383 3000 interpres‚“
398 2946 465 2991 ouius
479 2946 554 3002 prima
564 2948 649 3003 prodiit
657 2946 831 3001 Eleutheropoli
843 2944 1028 2996 (Amstelodami)

91 3003 184 3048 16664.
213 3005 317 3048 tertium
336 3005 397 3050 edita
417 3011 453 3051 sat
469 3007 596 3062 appendice
613 3003 729 3048 Inachiam·
748 3003 881 3047 cameravit
894 3008 967 3048 noeto
978 3014 1040 3045 enin

93 3063 151 3108 notis
161 3063 231 3109 variis
241 3069 264 3108 et
269 3063 417 3119 praesedere
426 3065 454 3111 D.
464 3064 500 3113 10.
512 3062 565 3114 Sal,
577 3063 687 3116 Semini.
709 3063 916 3122 petenissensis.
924 3061 990 3103 itte.
999 3060 1030 3099 S·

822 3137 839 3172 η.
