<?xml version="1.0" encoding="UTF-8"?>
<!DOCTYPE html PUBLIC "-//W3C//DTD XHTML 1.0 Transitional//EN"
    "http://www.w3.org/TR/xhtml1/DTD/xhtml1-transitional.dtd">
<html xmlns="http://www.w3.org/1999/xhtml" xml:lang="en" lang="en">
 <head>
  <title>
</title>
<meta http-equiv="Content-Type" content="text/html;charset=utf-8" />
  <meta name='ocr-system' content='tesseract 3.04.00' />
  <meta name='ocr-capabilities' content='ocr_page ocr_carea ocr_par ocr_line ocrx_word'/>
</head>
<body>
  <div class='ocr_page' id='page_1' title='image "benedictidespin00brudgoog_0084.png"; bbox 0 0 2256 3420; ppageno 0'>
   <div class='ocr_carea' id='block_1_1' title="bbox 428 198 1025 256">
    <p class='ocr_par' dir='ltr' id='par_1_1' title="bbox 428 198 1025 256">
     <span class='ocr_line' id='line_1_1' title="bbox 428 198 1025 256; baseline 0.003 -13"><span class='ocrx_word' id='word_1_1' title='bbox 428 210 432 219; x_wconf 75' lang='lat'>¹</span> <span class='ocrx_word' id='word_1_2' title='bbox 492 201 560 246; x_wconf 74' lang='lat' dir='ltr'><strong>CAP.</strong></span> <span class='ocrx_word' id='word_1_3' title='bbox 587 202 629 248; x_wconf 84' lang='lat' dir='ltr'><strong>tv.</strong></span> <span class='ocrx_word' id='word_1_4' title='bbox 985 198 1025 256; x_wconf 83' lang='lat'><strong>67</strong></span> 
     </span>
    </p>
   </div>
   <div class='ocr_carea' id='block_1_2' title="bbox 50 373 1053 2959">
    <p class='ocr_par' dir='ltr' id='par_1_2' title="bbox 50 373 1053 2959">
     <span class='ocr_line' id='line_1_2' title="bbox 95 373 1053 442; baseline 0.003 -16"><span class='ocrx_word' id='word_1_5' title='bbox 95 374 164 442; x_wconf 86' lang='lat' dir='ltr'><strong>legas</strong></span> <span class='ocrx_word' id='word_1_6' title='bbox 178 373 327 427; x_wconf 86' lang='lat' dir='ltr'><strong>hominibus</strong></span> <span class='ocrx_word' id='word_1_7' title='bbox 342 374 571 440; x_wconf 69' lang='lat' dir='ltr'><strong>praescribentem</strong></span> <span class='ocrx_word' id='word_1_8' title='bbox 590 379 624 427; x_wconf 91' lang='lat'><strong>11.</strong></span> <span class='ocrx_word' id='word_1_9' title='bbox 641 375 702 442; x_wconf 88' lang='lat' dir='ltr'><strong>quid</strong></span> <span class='ocrx_word' id='word_1_10' title='bbox 716 388 788 428; x_wconf 91' lang='lat' dir='ltr'><strong>sacra</strong></span> <span class='ocrx_word' id='word_1_11' title='bbox 801 375 925 442; x_wconf 88' lang='lat' dir='ltr'><strong>scriptura</strong></span> <span class='ocrx_word' id='word_1_12' title='bbox 940 375 971 429; x_wconf 90' lang='lat' dir='ltr'><strong>da</strong></span> <span class='ocrx_word' id='word_1_13' title='bbox 985 377 1027 429; x_wconf 91' lang='lat' dir='ltr'><strong>lu·</strong></span> <span class='ocrx_word' id='word_1_14' title='bbox 1044 375 1053 392; x_wconf 83' lang='grc'><strong>”</strong></span> 
     </span>
     <span class='ocr_line' id='line_1_3' title="bbox 96 451 1027 518; baseline 0 -14"><span class='ocrx_word' id='word_1_15' title='bbox 96 453 163 504; x_wconf 87' lang='lat' dir='ltr'><strong>mine</strong></span> <span class='ocrx_word' id='word_1_16' title='bbox 173 451 262 516; x_wconf 85' lang='lat' dir='ltr'><strong>etlege</strong></span> <span class='ocrx_word' id='word_1_17' title='bbox 272 451 318 503; x_wconf 87' lang='lat' dir='ltr'><strong>hac</strong></span> <span class='ocrx_word' id='word_1_18' title='bbox 328 451 435 502; x_wconf 90' lang='lat' dir='ltr'><strong>naturali</strong></span> <span class='ocrx_word' id='word_1_19' title='bbox 446 452 546 511; x_wconf 90' lang='lat' dir='ltr'><strong>doceat;</strong></span> <span class='ocrx_word' id='word_1_20' title='bbox 576 454 622 504; x_wconf 88' lang='lat' dir='ltr'><strong>ill.</strong></span> <span class='ocrx_word' id='word_1_21' title='bbox 642 467 719 518; x_wconf 89' lang='lat' dir='ltr'><strong>quem</strong></span> <span class='ocrx_word' id='word_1_22' title='bbox 734 451 766 503; x_wconf 96' lang='lat' dir='ltr'><strong>ad</strong></span> <span class='ocrx_word' id='word_1_23' title='bbox 780 452 857 504; x_wconf 90' lang='lat' dir='ltr'><strong>tinem</strong></span> <span class='ocrx_word' id='word_1_24' title='bbox 871 455 1027 504; x_wconf 77' lang='lat' dir='ltr'><strong>ceremoniae</strong></span> 
     </span>
     <span class='ocr_line' id='line_1_4' title="bbox 96 526 1027 594; baseline 0.001 -15"><span class='ocrx_word' id='word_1_25' title='bbox 96 528 155 579; x_wconf 89' lang='lat' dir='ltr'><strong>olim</strong></span> <span class='ocrx_word' id='word_1_26' title='bbox 171 528 303 578; x_wconf 89' lang='lat' dir='ltr'><strong>institutae</strong></span> <span class='ocrx_word' id='word_1_27' title='bbox 317 526 427 587; x_wconf 84' lang='lat' dir='ltr'><strong>luerint;</strong></span> <span class='ocrx_word' id='word_1_28' title='bbox 454 529 499 579; x_wconf 86' lang='lat' dir='ltr'><strong>lV.</strong></span> <span class='ocrx_word' id='word_1_29' title='bbox 520 529 629 594; x_wconf 87' lang='lat' dir='ltr'><strong>denique</strong></span> <span class='ocrx_word' id='word_1_30' title='bbox 639 528 701 593; x_wconf 85' lang='lat' dir='ltr'><strong>quid</strong></span> <span class='ocrx_word' id='word_1_31' title='bbox 716 529 806 581; x_wconf 81' lang='lat' dir='ltr'><strong>celerat</strong></span> <span class='ocrx_word' id='word_1_32' title='bbox 815 543 899 580; x_wconf 89' lang='lat' dir='ltr'><strong>sacras</strong></span> <span class='ocrx_word' id='word_1_33' title='bbox 910 528 1027 580; x_wconf 77' lang='lat' dir='ltr'><strong>historias</strong></span> 
     </span>
     <span class='ocr_line' id='line_1_5' title="bbox 96 603 1027 673; baseline -0.001 -18"><span class='ocrx_word' id='word_1_34' title='bbox 96 605 159 655; x_wconf 87' lang='lat' dir='ltr'><strong>seire</strong></span> <span class='ocrx_word' id='word_1_35' title='bbox 169 605 240 656; x_wconf 88' lang='lat' dir='ltr'><strong>eteis</strong></span> <span class='ocrx_word' id='word_1_36' title='bbox 251 603 363 655; x_wconf 88' lang='lat' dir='ltr'><strong>credere.</strong></span> <span class='ocrx_word' id='word_1_37' title='bbox 399 605 437 654; x_wconf 83' lang='lat' dir='ltr'><strong>Da</strong></span> <span class='ocrx_word' id='word_1_38' title='bbox 452 605 543 670; x_wconf 88' lang='lat' dir='ltr'><strong>primis</strong></span> <span class='ocrx_word' id='word_1_39' title='bbox 558 603 697 656; x_wconf 83' lang='lat' dir='ltr'><strong>duobusin</strong></span> <span class='ocrx_word' id='word_1_40' title='bbox 707 607 754 656; x_wconf 78' lang='lat' dir='ltr'><strong>loc</strong></span> <span class='ocrx_word' id='word_1_41' title='bbox 764 609 866 673; x_wconf 72' lang='lat' dir='ltr'><strong>copitc5</strong></span> <span class='ocrx_word' id='word_1_42' title='bbox 884 603 1027 656; x_wconf 87' lang='lat' dir='ltr'><strong>deduobus</strong></span> 
     </span>
     <span class='ocr_line' id='line_1_6' title="bbox 97 681 1028 749; baseline -0.001 -18"><span class='ocrx_word' id='word_1_43' title='bbox 97 686 179 731; x_wconf 87' lang='lat' dir='ltr'><strong>autern</strong></span> <span class='ocrx_word' id='word_1_44' title='bbox 189 681 288 731; x_wconf 90' lang='lat' dir='ltr'><strong>ultimis</strong></span> <span class='ocrx_word' id='word_1_45' title='bbox 297 683 455 745; x_wconf 75' lang='lat' dir='ltr'><strong>oraequeato</strong></span> <span class='ocrx_word' id='word_1_46' title='bbox 465 694 548 746; x_wconf 92' lang='lat' dir='ltr'><strong>agam.</strong></span> <span class='ocrx_word' id='word_1_47' title='bbox 584 682 628 737; x_wconf 76' lang='lat'><strong>23.</strong></span> <span class='ocrx_word' id='word_1_48' title='bbox 639 681 708 744; x_wconf 87' lang='lat' dir='ltr'><strong>Quid</strong></span> <span class='ocrx_word' id='word_1_49' title='bbox 718 683 782 733; x_wconf 87' lang='lat' dir='ltr'><strong>circa</strong></span> <span class='ocrx_word' id='word_1_50' title='bbox 787 685 904 749; x_wconf 80' lang='lat' dir='ltr'><strong>primum</strong></span> <span class='ocrx_word' id='word_1_51' title='bbox 913 688 1028 732; x_wconf 90' lang='lat' dir='ltr'><strong>statuen-</strong></span> 
     </span>
     <span class='ocr_line' id='line_1_7' title="bbox 97 754 1028 824; baseline -0.001 -17"><span class='ocrx_word' id='word_1_52' title='bbox 97 754 156 807; x_wconf 89' lang='lat' dir='ltr'><strong>dnm</strong></span> <span class='ocrx_word' id='word_1_53' title='bbox 171 757 218 818; x_wconf 89' lang='lat' dir='ltr'><strong>sit,</strong></span> <span class='ocrx_word' id='word_1_54' title='bbox 238 754 312 806; x_wconf 90' lang='lat' dir='ltr'><strong>lacile</strong></span> <span class='ocrx_word' id='word_1_55' title='bbox 323 754 457 806; x_wconf 88' lang='lat' dir='ltr'><strong>deducitur</strong></span> <span class='ocrx_word' id='word_1_56' title='bbox 465 771 494 807; x_wconf 87' lang='lat' dir='ltr'><strong>cx</strong></span> <span class='ocrx_word' id='word_1_57' title='bbox 503 763 592 808; x_wconf 89' lang='lat' dir='ltr'><strong>natura</strong></span> <span class='ocrx_word' id='word_1_58' title='bbox 601 757 738 809; x_wconf 85' lang='lat' dir='ltr'><strong>voluntatis</strong></span> <span class='ocrx_word' id='word_1_59' title='bbox 748 760 810 821; x_wconf 79' lang='lat' dir='ltr'><strong>liei,</strong></span> <span class='ocrx_word' id='word_1_60' title='bbox 830 757 973 824; x_wconf 81' lang='lat' dir='ltr'><strong>qnaeallei</strong></span> <span class='ocrx_word' id='word_1_61' title='bbox 984 757 1028 807; x_wconf 92' lang='lat' dir='ltr'><strong>ln-</strong></span> 
     </span>
     <span class='ocr_line' id='line_1_8' title="bbox 97 830 1026 901; baseline -0.001 -18"><span class='ocrx_word' id='word_1_62' title='bbox 97 830 197 883; x_wconf 84' lang='lat' dir='ltr'><strong>tellectn</strong></span> <span class='ocrx_word' id='word_1_63' title='bbox 212 845 264 882; x_wconf 95' lang='lat' dir='ltr'><strong>non</strong></span> <span class='ocrx_word' id='word_1_64' title='bbox 279 832 330 883; x_wconf 89' lang='lat' dir='ltr'><strong>nisi</strong></span> <span class='ocrx_word' id='word_1_65' title='bbox 344 839 460 898; x_wconf 86' lang='lat' dir='ltr'><strong>respectu</strong></span> <span class='ocrx_word' id='word_1_66' title='bbox 476 838 577 884; x_wconf 89' lang='lat' dir='ltr'><strong>nostrae</strong></span> <span class='ocrx_word' id='word_1_67' title='bbox 591 835 695 885; x_wconf 91' lang='lat' dir='ltr'><strong>rationis</strong></span> <span class='ocrx_word' id='word_1_68' title='bbox 714 834 892 901; x_wconf 76' lang='lat' dir='ltr'><strong>distinguitur,</strong></span> <span class='ocrx_word' id='word_1_69' title='bbox 912 834 959 885; x_wconf 87' lang='lat' dir='ltr'><strong>hoo</strong></span> <span class='ocrx_word' id='word_1_70' title='bbox 977 838 1026 894; x_wconf 90' lang='lat' dir='ltr'><strong>est,</strong></span> 
     </span>
     <span class='ocr_line' id='line_1_9' title="bbox 97 907 1026 970; baseline -0.002 -10"><span class='ocrx_word' id='word_1_71' title='bbox 97 908 141 960; x_wconf 79' lang='lat' dir='ltr'><strong>liei</strong></span> <span class='ocrx_word' id='word_1_72' title='bbox 154 908 271 960; x_wconf 78' lang='lat' dir='ltr'><strong>voluntas</strong></span> <span class='ocrx_word' id='word_1_73' title='bbox 286 914 311 959; x_wconf 89' lang='lat' dir='ltr'><strong>et</strong></span> <span class='ocrx_word' id='word_1_74' title='bbox 326 908 372 958; x_wconf 76' lang='lat' dir='ltr'><strong>liei</strong></span> <span class='ocrx_word' id='word_1_75' title='bbox 386 907 531 960; x_wconf 88' lang='lat' dir='ltr'><strong>intellectus</strong></span> <span class='ocrx_word' id='word_1_76' title='bbox 545 909 572 960; x_wconf 93' lang='lat' dir='ltr'><strong>in</strong></span> <span class='ocrx_word' id='word_1_77' title='bbox 587 924 615 961; x_wconf 91' lang='lat' dir='ltr'><strong>se</strong></span> <span class='ocrx_word' id='word_1_78' title='bbox 629 924 713 962; x_wconf 80' lang='lat' dir='ltr'><strong>revera</strong></span> <span class='ocrx_word' id='word_1_79' title='bbox 727 925 808 961; x_wconf 90' lang='lat' dir='ltr'><strong>unum</strong></span> <span class='ocrx_word' id='word_1_80' title='bbox 822 918 846 963; x_wconf 90' lang='lat' dir='ltr'><strong>at</strong></span> <span class='ocrx_word' id='word_1_81' title='bbox 864 911 932 962; x_wconf 89' lang='lat' dir='ltr'><strong>idem</strong></span> <span class='ocrx_word' id='word_1_82' title='bbox 952 915 1026 970; x_wconf 84' lang='lat' dir='ltr'><strong>sunt;</strong></span> 
     </span>
     <span class='ocr_line' id='line_1_10' title="bbox 97 985 1028 1057; baseline -0.002 -20"><span class='ocrx_word' id='word_1_83' title='bbox 97 998 142 1037; x_wconf 80' lang='lat' dir='ltr'><strong>nec</strong></span> <span class='ocrx_word' id='word_1_84' title='bbox 158 985 366 1050; x_wconf 87' lang='lat' dir='ltr'><strong>distinguuntur,</strong></span> <span class='ocrx_word' id='word_1_85' title='bbox 387 985 443 1057; x_wconf 82' lang='lat' dir='ltr'><strong>nisi</strong></span> <span class='ocrx_word' id='word_1_86' title='bbox 456 991 574 1050; x_wconf 87' lang='lat' dir='ltr'><strong>respectu</strong></span> <span class='ocrx_word' id='word_1_87' title='bbox 589 991 732 1037; x_wconf 89' lang='lat' dir='ltr'><strong>nostrarum</strong></span> <span class='ocrx_word' id='word_1_88' title='bbox 747 988 943 1052; x_wconf 88' lang='lat' dir='ltr'><strong>cogitationum,</strong></span> <span class='ocrx_word' id='word_1_89' title='bbox 964 999 1028 1050; x_wconf 87' lang='lat' dir='ltr'><strong>quas</strong></span> 
     </span>
     <span class='ocr_line' id='line_1_11' title="bbox 97 1059 1028 1129; baseline 0 -17"><span class='ocrx_word' id='word_1_90' title='bbox 97 1061 126 1114; x_wconf 88' lang='lat' dir='ltr'><strong>de</strong></span> <span class='ocrx_word' id='word_1_91' title='bbox 138 1062 187 1113; x_wconf 82' lang='lat' dir='ltr'><strong>Bai</strong></span> <span class='ocrx_word' id='word_1_92' title='bbox 200 1061 329 1112; x_wconf 89' lang='lat' dir='ltr'><strong>intellectu</strong></span> <span class='ocrx_word' id='word_1_93' title='bbox 345 1059 497 1112; x_wconf 89' lang='lat' dir='ltr'><strong>iormamus.</strong></span> <span class='ocrx_word' id='word_1_94' title='bbox 533 1063 575 1114; x_wconf 75' lang='lat' dir='ltr'><strong>tt.</strong></span> <span class='ocrx_word' id='word_1_95' title='bbox 595 1062 710 1128; x_wconf 82' lang='lat' dir='ltr'><strong>Exempli</strong></span> <span class='ocrx_word' id='word_1_96' title='bbox 724 1063 815 1129; x_wconf 90' lang='lat' dir='ltr'><strong>gratia,</strong></span> <span class='ocrx_word' id='word_1_97' title='bbox 836 1078 916 1129; x_wconf 87' lang='lat' dir='ltr'><strong>quum</strong></span> <span class='ocrx_word' id='word_1_98' title='bbox 934 1061 1028 1114; x_wconf 85' lang='lat' dir='ltr'><strong>adhoc</strong></span> 
     </span>
     <span class='ocr_line' id='line_1_12' title="bbox 98 1136 1028 1204; baseline -0.001 -15"><span class='ocrx_word' id='word_1_99' title='bbox 98 1145 193 1189; x_wconf 89' lang='lat' dir='ltr'><strong>tanturn</strong></span> <span class='ocrx_word' id='word_1_100' title='bbox 210 1136 383 1198; x_wconf 87' lang='lat' dir='ltr'><strong>attendimus,</strong></span> <span class='ocrx_word' id='word_1_101' title='bbox 409 1136 477 1202; x_wconf 88' lang='lat' dir='ltr'><strong>qnod</strong></span> <span class='ocrx_word' id='word_1_102' title='bbox 496 1143 587 1188; x_wconf 90' lang='lat' dir='ltr'><strong>natura</strong></span> <span class='ocrx_word' id='word_1_103' title='bbox 607 1138 723 1204; x_wconf 76' lang='lat' dir='ltr'><strong>trianguli</strong></span> <span class='ocrx_word' id='word_1_104' title='bbox 741 1139 768 1189; x_wconf 93' lang='lat' dir='ltr'><strong>in</strong></span> <span class='ocrx_word' id='word_1_105' title='bbox 787 1146 876 1190; x_wconf 88' lang='lat' dir='ltr'><strong>natura</strong></span> <span class='ocrx_word' id='word_1_106' title='bbox 894 1139 977 1190; x_wconf 82' lang='lat' dir='ltr'><strong>divina</strong></span> <span class='ocrx_word' id='word_1_107' title='bbox 995 1137 1028 1189; x_wconf 90' lang='lat' dir='ltr'><strong>ab</strong></span> 
     </span>
     <span class='ocr_line' id='line_1_13' title="bbox 68 1214 1028 1285; baseline -0.001 -20"><span class='ocrx_word' id='word_1_108' title='bbox 68 1226 71 1231; x_wconf 81' lang='grc'><strong>’</strong></span> <span class='ocrx_word' id='word_1_109' title='bbox 98 1221 196 1285; x_wconf 89' lang='lat' dir='ltr'><strong>aeterno</strong></span> <span class='ocrx_word' id='word_1_110' title='bbox 207 1215 351 1265; x_wconf 86' lang='lat' dir='ltr'><strong>continetur</strong></span> <span class='ocrx_word' id='word_1_111' title='bbox 361 1221 482 1278; x_wconf 87' lang='lat' dir='ltr'><strong>tanquam</strong></span> <span class='ocrx_word' id='word_1_112' title='bbox 493 1221 593 1266; x_wconf 90' lang='lat' dir='ltr'><strong>aeterna</strong></span> <span class='ocrx_word' id='word_1_113' title='bbox 603 1216 708 1276; x_wconf 81' lang='lat' dir='ltr'><strong>veritas,</strong></span> <span class='ocrx_word' id='word_1_114' title='bbox 728 1220 783 1265; x_wconf 92' lang='lat' dir='ltr'><strong>tum</strong></span> <span class='ocrx_word' id='word_1_115' title='bbox 799 1214 923 1276; x_wconf 87' lang='lat' dir='ltr'><strong>dicimus,</strong></span> <span class='ocrx_word' id='word_1_116' title='bbox 944 1217 1028 1266; x_wconf 79' lang='lat' dir='ltr'><strong>licum</strong></span> 
     </span>
     <span class='ocr_line' id='line_1_14' title="bbox 96 1287 1028 1358; baseline 0 -17"><span class='ocrx_word' id='word_1_117' title='bbox 96 1289 213 1356; x_wconf 72' lang='lat' dir='ltr'><strong>trianguli</strong></span> <span class='ocrx_word' id='word_1_118' title='bbox 236 1288 321 1341; x_wconf 92' lang='lat' dir='ltr'><strong>ideam</strong></span> <span class='ocrx_word' id='word_1_119' title='bbox 346 1287 438 1339; x_wconf 85' lang='lat' dir='ltr'><strong>habero</strong></span> <span class='ocrx_word' id='word_1_120' title='bbox 458 1291 510 1342; x_wconf 87' lang='lat' dir='ltr'><strong>sive</strong></span> <span class='ocrx_word' id='word_1_121' title='bbox 529 1298 645 1342; x_wconf 86' lang='lat' dir='ltr'><strong>naturam</strong></span> <span class='ocrx_word' id='word_1_122' title='bbox 664 1292 783 1358; x_wconf 74' lang='lat' dir='ltr'><strong>trianguli</strong></span> <span class='ocrx_word' id='word_1_123' title='bbox 802 1291 953 1358; x_wconf 85' lang='lat' dir='ltr'><strong>intelligere;</strong></span> <span class='ocrx_word' id='word_1_124' title='bbox 981 1291 1028 1342; x_wconf 91' lang='lat' dir='ltr'><strong>sed</strong></span> 
     </span>
     <span class='ocr_line' id='line_1_15' title="bbox 98 1365 1027 1433; baseline 0.001 -17"><span class='ocrx_word' id='word_1_125' title='bbox 98 1380 176 1432; x_wconf 82' lang='lat' dir='ltr'><strong>quum</strong></span> <span class='ocrx_word' id='word_1_126' title='bbox 185 1372 275 1432; x_wconf 85' lang='lat' dir='ltr'><strong>postea</strong></span> <span class='ocrx_word' id='word_1_127' title='bbox 285 1365 317 1417; x_wconf 90' lang='lat' dir='ltr'><strong>od</strong></span> <span class='ocrx_word' id='word_1_128' title='bbox 327 1365 375 1416; x_wconf 89' lang='lat' dir='ltr'><strong>hoc</strong></span> <span class='ocrx_word' id='word_1_129' title='bbox 383 1367 556 1429; x_wconf 88' lang='lat' dir='ltr'><strong>attendimus,</strong></span> <span class='ocrx_word' id='word_1_130' title='bbox 577 1368 645 1432; x_wconf 88' lang='lat' dir='ltr'><strong>quod</strong></span> <span class='ocrx_word' id='word_1_131' title='bbox 661 1374 749 1419; x_wconf 90' lang='lat' dir='ltr'><strong>natura</strong></span> <span class='ocrx_word' id='word_1_132' title='bbox 763 1368 880 1433; x_wconf 88' lang='lat' dir='ltr'><strong>trianguli</strong></span> <span class='ocrx_word' id='word_1_133' title='bbox 895 1368 967 1418; x_wconf 87' lang='lat' dir='ltr'><strong>sicin</strong></span> <span class='ocrx_word' id='word_1_134' title='bbox 978 1381 1027 1417; x_wconf 92' lang='lat' dir='ltr'><strong>na-</strong></span> 
     </span>
     <span class='ocr_line' id='line_1_16' title="bbox 97 1441 1026 1506; baseline 0 -12"><span class='ocrx_word' id='word_1_135' title='bbox 97 1449 150 1494; x_wconf 87' lang='lat' dir='ltr'><strong>tura</strong></span> <span class='ocrx_word' id='word_1_136' title='bbox 160 1443 245 1494; x_wconf 80' lang='lat' dir='ltr'><strong>diuina</strong></span> <span class='ocrx_word' id='word_1_137' title='bbox 254 1441 399 1493; x_wconf 86' lang='lat' dir='ltr'><strong>continetur</strong></span> <span class='ocrx_word' id='word_1_138' title='bbox 412 1456 440 1493; x_wconf 84' lang='lat' dir='ltr'><strong>ex</strong></span> <span class='ocrx_word' id='word_1_139' title='bbox 456 1443 510 1494; x_wconf 84' lang='lat' dir='ltr'><strong>sola</strong></span> <span class='ocrx_word' id='word_1_140' title='bbox 525 1446 674 1496; x_wconf 81' lang='lat' dir='ltr'><strong>necessitate</strong></span> <span class='ocrx_word' id='word_1_141' title='bbox 685 1445 783 1497; x_wconf 83' lang='lat' dir='ltr'><strong>divinae</strong></span> <span class='ocrx_word' id='word_1_142' title='bbox 798 1453 916 1506; x_wconf 87' lang='lat' dir='ltr'><strong>naturae,</strong></span> <span class='ocrx_word' id='word_1_143' title='bbox 935 1449 960 1494; x_wconf 88' lang='lat' dir='ltr'><strong>et</strong></span> <span class='ocrx_word' id='word_1_144' title='bbox 974 1457 1026 1494; x_wconf 91' lang='lat' dir='ltr'><strong>oon</strong></span> 
     </span>
     <span class='ocr_line' id='line_1_17' title="bbox 98 1519 1026 1587; baseline -0.001 -16"><span class='ocrx_word' id='word_1_145' title='bbox 98 1519 283 1571; x_wconf 81' lang='lat' dir='ltr'><strong>eaneeessitata</strong></span> <span class='ocrx_word' id='word_1_146' title='bbox 294 1519 419 1571; x_wconf 88' lang='lat' dir='ltr'><strong>essentiae</strong></span> <span class='ocrx_word' id='word_1_147' title='bbox 429 1525 453 1569; x_wconf 94' lang='lat' dir='ltr'><strong>et</strong></span> <span class='ocrx_word' id='word_1_148' title='bbox 463 1527 567 1572; x_wconf 88' lang='lat' dir='ltr'><strong>naturae</strong></span> <span class='ocrx_word' id='word_1_149' title='bbox 577 1521 704 1586; x_wconf 89' lang='lat' dir='ltr'><strong>trianguli,</strong></span> <span class='ocrx_word' id='word_1_150' title='bbox 723 1521 792 1584; x_wconf 84' lang='lat' dir='ltr'><strong>imo,</strong></span> <span class='ocrx_word' id='word_1_151' title='bbox 805 1519 874 1587; x_wconf 89' lang='lat' dir='ltr'><strong>qnod</strong></span> <span class='ocrx_word' id='word_1_152' title='bbox 884 1520 1026 1571; x_wconf 86' lang='lat' dir='ltr'><strong>necessitas</strong></span> 
     </span>
     <span class='ocr_line' id='line_1_18' title="bbox 50 1595 1027 1662; baseline -0.001 -15"><span class='ocrx_word' id='word_1_153' title='bbox 50 1612 54 1623; x_wconf 88' lang='lat'>·</span> <span class='ocrx_word' id='word_1_154' title='bbox 99 1596 222 1647; x_wconf 79' lang='lat' dir='ltr'><strong>essentiae</strong></span> <span class='ocrx_word' id='word_1_155' title='bbox 236 1603 262 1646; x_wconf 87' lang='lat' dir='ltr'><strong>et</strong></span> <span class='ocrx_word' id='word_1_156' title='bbox 275 1595 459 1660; x_wconf 84' lang='lat' dir='ltr'><strong>proprietatum</strong></span> <span class='ocrx_word' id='word_1_157' title='bbox 475 1596 606 1662; x_wconf 87' lang='lat' dir='ltr'><strong>trianguli,</strong></span> <span class='ocrx_word' id='word_1_158' title='bbox 627 1597 846 1662; x_wconf 63' lang='lat' dir='ltr'><strong>quatenus&#39;etiam</strong></span> <span class='ocrx_word' id='word_1_159' title='bbox 864 1603 893 1646; x_wconf 92' lang='lat' dir='ltr'><strong>ut</strong></span> <span class='ocrx_word' id='word_1_160' title='bbox 911 1604 1027 1648; x_wconf 85' lang='lat' dir='ltr'><strong>aeternae</strong></span> 
     </span>
     <span class='ocr_line' id='line_1_19' title="bbox 95 1662 1028 1735; baseline -0.001 -12"><span class='ocrx_word' id='word_1_161' title='bbox 95 1662 211 1724; x_wconf 56' lang='lat' dir='ltr'><strong>inritates</strong></span> <span class='ocrx_word' id='word_1_162' title='bbox 226 1672 417 1735; x_wconf 85' lang='lat' dir='ltr'><strong>concipiuntur,</strong></span> <span class='ocrx_word' id='word_1_163' title='bbox 437 1685 452 1722; x_wconf 90' lang='lat' dir='ltr'><strong>a</strong></span> <span class='ocrx_word' id='word_1_164' title='bbox 470 1672 525 1724; x_wconf 89' lang='lat' dir='ltr'><strong>sola</strong></span> <span class='ocrx_word' id='word_1_165' title='bbox 543 1675 694 1725; x_wconf 83' lang='lat' dir='ltr'><strong>necessitate</strong></span> <span class='ocrx_word' id='word_1_166' title='bbox 712 1673 810 1725; x_wconf 81' lang='lat' dir='ltr'><strong>divinae</strong></span> <span class='ocrx_word' id='word_1_167' title='bbox 829 1678 932 1723; x_wconf 90' lang='lat' dir='ltr'><strong>naturae</strong></span> <span class='ocrx_word' id='word_1_168' title='bbox 951 1672 1028 1722; x_wconf 91' lang='lat' dir='ltr'><strong>intel-</strong></span> 
     </span>
     <span class='ocr_line' id='line_1_20' title="bbox 96 1747 1027 1814; baseline -0.001 -15"><span class='ocrx_word' id='word_1_169' title='bbox 96 1747 175 1800; x_wconf 84' lang='lat' dir='ltr'><strong>lectus</strong></span> <span class='ocrx_word' id='word_1_170' title='bbox 190 1747 312 1814; x_wconf 85' lang='lat' dir='ltr'><strong>pendeat,</strong></span> <span class='ocrx_word' id='word_1_171' title='bbox 333 1755 359 1799; x_wconf 89' lang='lat' dir='ltr'><strong>ot</strong></span> <span class='ocrx_word' id='word_1_172' title='bbox 372 1762 423 1799; x_wconf 91' lang='lat' dir='ltr'><strong>non</strong></span> <span class='ocrx_word' id='word_1_173' title='bbox 438 1763 466 1799; x_wconf 84' lang='lat' dir='ltr'><strong>ex</strong></span> <span class='ocrx_word' id='word_1_174' title='bbox 480 1755 571 1800; x_wconf 88' lang='lat' dir='ltr'><strong>natura</strong></span> <span class='ocrx_word' id='word_1_175' title='bbox 586 1750 715 1814; x_wconf 89' lang='lat' dir='ltr'><strong>trianguli,</strong></span> <span class='ocrx_word' id='word_1_176' title='bbox 737 1754 791 1799; x_wconf 85' lang='lat' dir='ltr'><strong>tona</strong></span> <span class='ocrx_word' id='word_1_177' title='bbox 801 1747 827 1798; x_wconf 94' lang='lat' dir='ltr'><strong>id</strong></span> <span class='ocrx_word' id='word_1_178' title='bbox 837 1748 937 1813; x_wconf 87' lang='lat' dir='ltr'><strong>ipsum,</strong></span> <span class='ocrx_word' id='word_1_179' title='bbox 958 1747 1027 1812; x_wconf 89' lang='lat' dir='ltr'><strong>quod</strong></span> 
     </span>
     <span class='ocr_line' id='line_1_21' title="bbox 96 1823 1028 1888; baseline -0.004 -12"><span class='ocrx_word' id='word_1_180' title='bbox 96 1826 144 1878; x_wconf 79' lang='lat' dir='ltr'><strong>liei</strong></span> <span class='ocrx_word' id='word_1_181' title='bbox 153 1824 313 1876; x_wconf 87' lang='lat' dir='ltr'><strong>intellectum</strong></span> <span class='ocrx_word' id='word_1_182' title='bbox 322 1825 482 1887; x_wconf 79' lang='lat' dir='ltr'><strong>vocavimus,</strong></span> <span class='ocrx_word' id='word_1_183' title='bbox 492 1826 540 1876; x_wconf 84' lang='lat' dir='ltr'><strong>net</strong></span> <span class='ocrx_word' id='word_1_184' title='bbox 550 1824 704 1876; x_wconf 83' lang='lat' dir='ltr'><strong>voluntatem</strong></span> <span class='ocrx_word' id='word_1_185' title='bbox 714 1827 767 1876; x_wconf 84' lang='lat' dir='ltr'><strong>sive</strong></span> <span class='ocrx_word' id='word_1_186' title='bbox 776 1824 904 1874; x_wconf 91' lang='lat' dir='ltr'><strong>decretum</strong></span> <span class='ocrx_word' id='word_1_187' title='bbox 915 1823 1028 1888; x_wconf 85' lang='lat' dir='ltr'><strong>appella-</strong></span> 
     </span>
     <span class='ocr_line' id='line_1_22' title="bbox 95 1899 1027 1966; baseline -0.005 -13"><span class='ocrx_word' id='word_1_188' title='bbox 95 1910 161 1953; x_wconf 79' lang='lat' dir='ltr'><strong>mus.</strong></span> <span class='ocrx_word' id='word_1_189' title='bbox 198 1902 243 1955; x_wconf 68' lang='lat' dir='ltr'><strong>id.</strong></span> <span class='ocrx_word' id='word_1_190' title='bbox 263 1901 348 1962; x_wconf 82' lang='lat' dir='ltr'><strong>Quare</strong></span> <span class='ocrx_word' id='word_1_191' title='bbox 358 1907 476 1966; x_wconf 86' lang='lat' dir='ltr'><strong>respectu</strong></span> <span class='ocrx_word' id='word_1_192' title='bbox 486 1903 533 1952; x_wconf 79' lang='lat' dir='ltr'><strong>liei</strong></span> <span class='ocrx_word' id='word_1_193' title='bbox 543 1915 624 1952; x_wconf 89' lang='lat' dir='ltr'><strong>unum</strong></span> <span class='ocrx_word' id='word_1_194' title='bbox 639 1906 664 1951; x_wconf 89' lang='lat' dir='ltr'><strong>et</strong></span> <span class='ocrx_word' id='word_1_195' title='bbox 676 1899 744 1950; x_wconf 91' lang='lat' dir='ltr'><strong>idem</strong></span> <span class='ocrx_word' id='word_1_196' title='bbox 758 1899 927 1960; x_wconf 83' lang='lat' dir='ltr'><strong>affirmamus,</strong></span> <span class='ocrx_word' id='word_1_197' title='bbox 947 1913 1027 1963; x_wconf 93' lang='lat' dir='ltr'><strong>quum</strong></span> 
     </span>
     <span class='ocr_line' id='line_1_23' title="bbox 95 1973 1027 2040; baseline -0.008 -9"><span class='ocrx_word' id='word_1_198' title='bbox 95 1978 220 2039; x_wconf 85' lang='lat' dir='ltr'><strong>dleimns,</strong></span> <span class='ocrx_word' id='word_1_199' title='bbox 239 1977 322 2026; x_wconf 85' lang='lat' dir='ltr'><strong>Deum</strong></span> <span class='ocrx_word' id='word_1_200' title='bbox 337 1975 369 2028; x_wconf 92' lang='lat' dir='ltr'><strong>ab</strong></span> <span class='ocrx_word' id='word_1_201' title='bbox 383 1984 484 2028; x_wconf 89' lang='lat' dir='ltr'><strong>aeterno</strong></span> <span class='ocrx_word' id='word_1_202' title='bbox 502 1976 645 2033; x_wconf 86' lang='lat' dir='ltr'><strong>decrevisse</strong></span> <span class='ocrx_word' id='word_1_203' title='bbox 663 1982 689 2027; x_wconf 86' lang='lat' dir='ltr'><strong>et</strong></span> <span class='ocrx_word' id='word_1_204' title='bbox 706 1974 831 2037; x_wconf 77' lang='lat' dir='ltr'><strong>voluisse,</strong></span> <span class='ocrx_word' id='word_1_205' title='bbox 850 1983 903 2026; x_wconf 90' lang='lat' dir='ltr'><strong>tres</strong></span> <span class='ocrx_word' id='word_1_206' title='bbox 921 1973 1027 2040; x_wconf 89' lang='lat' dir='ltr'><strong>angulos</strong></span> 
     </span>
     <span class='ocr_line' id='line_1_24' title="bbox 92 2051 1028 2120; baseline -0.005 -14"><span class='ocrx_word' id='word_1_207' title='bbox 92 2053 213 2120; x_wconf 78' lang='lat' dir='ltr'><strong>trianguli</strong></span> <span class='ocrx_word' id='word_1_208' title='bbox 229 2051 348 2117; x_wconf 87' lang='lat' dir='ltr'><strong>aequales</strong></span> <span class='ocrx_word' id='word_1_209' title='bbox 364 2067 420 2105; x_wconf 88' lang='lat' dir='ltr'><strong>esso</strong></span> <span class='ocrx_word' id='word_1_210' title='bbox 435 2052 537 2105; x_wconf 89' lang='lat' dir='ltr'><strong>duobus</strong></span> <span class='ocrx_word' id='word_1_211' title='bbox 547 2053 636 2115; x_wconf 87' lang='lat' dir='ltr'><strong>rectis,</strong></span> <span class='ocrx_word' id='word_1_212' title='bbox 658 2051 788 2105; x_wconf 75' lang='lat' dir='ltr'><strong>rellteum</strong></span> <span class='ocrx_word' id='word_1_213' title='bbox 800 2052 941 2118; x_wconf 83' lang='lat' dir='ltr'><strong>hocipsnm</strong></span> <span class='ocrx_word' id='word_1_214' title='bbox 952 2051 1028 2102; x_wconf 91' lang='lat' dir='ltr'><strong>intel-</strong></span> 
     </span>
     <span class='ocr_line' id='line_1_25' title="bbox 94 2128 1027 2195; baseline -0.009 -11"><span class='ocrx_word' id='word_1_215' title='bbox 94 2130 194 2184; x_wconf 78' lang='lat' dir='ltr'><strong>lexisse.</strong></span> <span class='ocrx_word' id='word_1_216' title='bbox 232 2129 305 2180; x_wconf 90' lang='lat' dir='ltr'><strong>Unde</strong></span> <span class='ocrx_word' id='word_1_217' title='bbox 316 2131 445 2195; x_wconf 88' lang='lat' dir='ltr'><strong>seqnitur,</strong></span> <span class='ocrx_word' id='word_1_218' title='bbox 460 2130 507 2180; x_wconf 87' lang='lat' dir='ltr'><strong>Del</strong></span> <span class='ocrx_word' id='word_1_219' title='bbox 519 2128 698 2181; x_wconf 86' lang='lat' dir='ltr'><strong>affirmationes</strong></span> <span class='ocrx_word' id='word_1_220' title='bbox 709 2135 734 2178; x_wconf 87' lang='lat' dir='ltr'><strong>ct</strong></span> <span class='ocrx_word' id='word_1_221' title='bbox 744 2129 889 2194; x_wconf 84' lang='lat' dir='ltr'><strong>negationes</strong></span> <span class='ocrx_word' id='word_1_222' title='bbox 899 2134 1027 2178; x_wconf 89' lang='lat' dir='ltr'><strong>aeternam</strong></span> 
     </span>
     <span class='ocr_line' id='line_1_26' title="bbox 93 2204 1025 2274; baseline -0.006 -16"><span class='ocrx_word' id='word_1_223' title='bbox 93 2221 196 2274; x_wconf 68' lang='lat' dir='ltr'><strong>nmper</strong></span> <span class='ocrx_word' id='word_1_224' title='bbox 215 2206 395 2257; x_wconf 87' lang='lat' dir='ltr'><strong>necessitatem</strong></span> <span class='ocrx_word' id='word_1_225' title='bbox 413 2206 467 2256; x_wconf 86' lang='lat' dir='ltr'><strong>sive</strong></span> <span class='ocrx_word' id='word_1_226' title='bbox 485 2207 613 2256; x_wconf 79' lang='lat' dir='ltr'><strong>veritatem</strong></span> <span class='ocrx_word' id='word_1_227' title='bbox 633 2205 770 2258; x_wconf 77' lang='lat' dir='ltr'><strong>involvere.</strong></span> <span class='ocrx_word' id='word_1_228' title='bbox 814 2206 857 2261; x_wconf 70' lang='lat' dir='ltr'><strong>to.</strong></span> <span class='ocrx_word' id='word_1_229' title='bbox 885 2206 912 2257; x_wconf 87' lang='lat' dir='ltr'><strong>Si</strong></span> <span class='ocrx_word' id='word_1_230' title='bbox 932 2204 1025 2268; x_wconf 85' lang='lat' dir='ltr'><strong>ltaque,</strong></span> 
     </span>
     <span class='ocr_line' id='line_1_27' title="bbox 95 2279 1028 2351; baseline -0.008 -15"><span class='ocrx_word' id='word_1_231' title='bbox 95 2282 203 2350; x_wconf 81' lang='lat' dir='ltr'><strong>exempll</strong></span> <span class='ocrx_word' id='word_1_232' title='bbox 222 2283 315 2351; x_wconf 67' lang='lat' dir='ltr'><strong>gratia,</strong></span> <span class='ocrx_word' id='word_1_233' title='bbox 341 2286 410 2333; x_wconf 84' lang='lat' dir='ltr'><strong>Deus</strong></span> <span class='ocrx_word' id='word_1_234' title='bbox 429 2281 530 2331; x_wconf 75' lang='lat' dir='ltr'><strong>Adamo</strong></span> <span class='ocrx_word' id='word_1_235' title='bbox 548 2281 656 2348; x_wconf 77' lang='lat' dir='ltr'><strong>dialt*),</strong></span> <span class='ocrx_word' id='word_1_236' title='bbox 681 2295 710 2333; x_wconf 86' lang='lat' dir='ltr'><strong>se</strong></span> <span class='ocrx_word' id='word_1_237' title='bbox 730 2281 811 2344; x_wconf 92' lang='lat' dir='ltr'><strong>nolle,</strong></span> <span class='ocrx_word' id='word_1_238' title='bbox 840 2289 870 2333; x_wconf 94' lang='lat' dir='ltr'><strong>ut</strong></span> <span class='ocrx_word' id='word_1_239' title='bbox 888 2283 919 2333; x_wconf 92' lang='lat' dir='ltr'><strong>de</strong></span> <span class='ocrx_word' id='word_1_240' title='bbox 938 2279 1028 2330; x_wconf 89' lang='lat' dir='ltr'><strong>arbore</strong></span> 
     </span>
     <span class='ocr_line' id='line_1_28' title="bbox 93 2356 1026 2426; baseline -0.008 -14"><span class='ocrx_word' id='word_1_241' title='bbox 93 2359 247 2426; x_wconf 86' lang='lat' dir='ltr'><strong>cognitionis</strong></span> <span class='ocrx_word' id='word_1_242' title='bbox 262 2358 323 2410; x_wconf 90' lang='lat' dir='ltr'><strong>boni</strong></span> <span class='ocrx_word' id='word_1_243' title='bbox 339 2366 365 2409; x_wconf 88' lang='lat' dir='ltr'><strong>et</strong></span> <span class='ocrx_word' id='word_1_244' title='bbox 380 2357 439 2408; x_wconf 89' lang='lat' dir='ltr'><strong>mali</strong></span> <span class='ocrx_word' id='word_1_245' title='bbox 458 2356 614 2419; x_wconf 88' lang='lat' dir='ltr'><strong>comederet,</strong></span> <span class='ocrx_word' id='word_1_246' title='bbox 634 2359 859 2410; x_wconf 86' lang='lat' dir='ltr'><strong>contradictionem</strong></span> <span class='ocrx_word' id='word_1_247' title='bbox 879 2356 1026 2423; x_wconf 90' lang='lat' dir='ltr'><strong>implicaret,</strong></span> 
     </span>
     <span class='ocr_line' id='line_1_29' title="bbox 92 2431 1027 2499; baseline -0.005 -11"><span class='ocrx_word' id='word_1_248' title='bbox 92 2435 225 2488; x_wconf 73' lang='lat' dir='ltr'><strong>Adamum</strong></span> <span class='ocrx_word' id='word_1_249' title='bbox 245 2434 278 2486; x_wconf 92' lang='lat' dir='ltr'><strong>de</strong></span> <span class='ocrx_word' id='word_1_250' title='bbox 296 2434 339 2486; x_wconf 89' lang='lat' dir='ltr'><strong>illa</strong></span> <span class='ocrx_word' id='word_1_251' title='bbox 351 2433 444 2485; x_wconf 71' lang='lat' dir='ltr'><strong>‚arbore</strong></span> <span class='ocrx_word' id='word_1_252' title='bbox 463 2446 540 2498; x_wconf 87' lang='lat' dir='ltr'><strong>posse</strong></span> <span class='ocrx_word' id='word_1_253' title='bbox 559 2433 706 2498; x_wconf 87' lang='lat' dir='ltr'><strong>comedere,</strong></span> <span class='ocrx_word' id='word_1_254' title='bbox 735 2435 850 2499; x_wconf 87' lang='lat' dir='ltr'><strong>adeoque</strong></span> <span class='ocrx_word' id='word_1_255' title='bbox 868 2431 1027 2498; x_wconf 84' lang='lat' dir='ltr'><strong>impossibile</strong></span> 
     </span>
     <span class='ocr_line' id='line_1_30' title="bbox 92 2507 1028 2573; baseline -0.004 -8"><span class='ocrx_word' id='word_1_256' title='bbox 92 2512 170 2573; x_wconf 79' lang='lat' dir='ltr'><strong>locet,</strong></span> <span class='ocrx_word' id='word_1_257' title='bbox 200 2518 229 2562; x_wconf 90' lang='lat' dir='ltr'><strong>nt</strong></span> <span class='ocrx_word' id='word_1_258' title='bbox 243 2511 362 2562; x_wconf 76' lang='lat' dir='ltr'><strong>Adamas</strong></span> <span class='ocrx_word' id='word_1_259' title='bbox 385 2511 417 2560; x_wconf 91' lang='lat' dir='ltr'><strong>de</strong></span> <span class='ocrx_word' id='word_1_260' title='bbox 440 2522 468 2560; x_wconf 88' lang='lat' dir='ltr'><strong>ca</strong></span> <span class='ocrx_word' id='word_1_261' title='bbox 487 2509 647 2571; x_wconf 87' lang='lat' dir='ltr'><strong>comederet;</strong></span> <span class='ocrx_word' id='word_1_262' title='bbox 674 2526 734 2562; x_wconf 91' lang='lat' dir='ltr'><strong>nam</strong></span> <span class='ocrx_word' id='word_1_263' title='bbox 759 2511 872 2562; x_wconf 85' lang='lat' dir='ltr'><strong>divinum</strong></span> <span class='ocrx_word' id='word_1_264' title='bbox 896 2507 959 2559; x_wconf 92' lang='lat' dir='ltr'><strong>illud</strong></span> <span class='ocrx_word' id='word_1_265' title='bbox 981 2509 1028 2561; x_wconf 80' lang='lat' dir='ltr'><strong>de·</strong></span> 
     </span>
     <span class='ocr_line' id='line_1_31' title="bbox 94 2586 1026 2643; baseline -0.004 -3"><span class='ocrx_word' id='word_1_266' title='bbox 94 2596 191 2641; x_wconf 86' lang='lat' dir='ltr'><strong>oretum</strong></span> <span class='ocrx_word' id='word_1_267' title='bbox 209 2595 337 2639; x_wconf 91' lang='lat' dir='ltr'><strong>aeternam</strong></span> <span class='ocrx_word' id='word_1_268' title='bbox 357 2586 533 2638; x_wconf 86' lang='lat' dir='ltr'><strong>necessitatem</strong></span> <span class='ocrx_word' id='word_1_269' title='bbox 552 2594 577 2636; x_wconf 91' lang='lat' dir='ltr'><strong>et</strong></span> <span class='ocrx_word' id='word_1_270' title='bbox 593 2587 722 2639; x_wconf 82' lang='lat' dir='ltr'><strong>veritatem</strong></span> <span class='ocrx_word' id='word_1_271' title='bbox 741 2587 874 2637; x_wconf 89' lang='lat' dir='ltr'><strong>debuisset</strong></span> <span class='ocrx_word' id='word_1_272' title='bbox 892 2586 1026 2643; x_wconf 81' lang='lat' dir='ltr'><strong>involvere,</strong></span> 
     </span>
     <span class='ocr_line' id='line_1_32' title="bbox 92 2660 1028 2730; baseline -0.003 -14"><span class='ocrx_word' id='word_1_273' title='bbox 92 2666 189 2717; x_wconf 76' lang='lat' dir='ltr'><strong>Verum</strong></span> <span class='ocrx_word' id='word_1_274' title='bbox 204 2664 326 2730; x_wconf 87' lang='lat' dir='ltr'><strong>qnoniam</strong></span> <span class='ocrx_word' id='word_1_275' title='bbox 340 2663 468 2729; x_wconf 83' lang='lat' dir='ltr'><strong>Scriptura</strong></span> <span class='ocrx_word' id='word_1_276' title='bbox 482 2667 565 2712; x_wconf 91' lang='lat' dir='ltr'><strong>tamen</strong></span> <span class='ocrx_word' id='word_1_277' title='bbox 585 2671 681 2726; x_wconf 89' lang='lat' dir='ltr'><strong>narrat,</strong></span> <span class='ocrx_word' id='word_1_278' title='bbox 700 2665 783 2714; x_wconf 79' lang='lat' dir='ltr'><strong>licum</strong></span> <span class='ocrx_word' id='word_1_279' title='bbox 796 2660 822 2712; x_wconf 94' lang='lat' dir='ltr'><strong>id</strong></span> <span class='ocrx_word' id='word_1_280' title='bbox 837 2662 937 2714; x_wconf 73' lang='lat' dir='ltr'><strong>Adamo</strong></span> <span class='ocrx_word' id='word_1_281' title='bbox 952 2677 1028 2729; x_wconf 87' lang='lat' dir='ltr'><strong>prae-</strong></span> 
     </span>
     <span class='ocr_line' id='line_1_33' title="bbox 93 2738 1028 2809; baseline -0.004 -16"><span class='ocrx_word' id='word_1_282' title='bbox 93 2743 208 2809; x_wconf 84' lang='lat' dir='ltr'><strong>cepisse,</strong></span> <span class='ocrx_word' id='word_1_283' title='bbox 238 2748 263 2792; x_wconf 93' lang='lat' dir='ltr'><strong>et</strong></span> <span class='ocrx_word' id='word_1_284' title='bbox 281 2739 360 2791; x_wconf 91' lang='lat' dir='ltr'><strong>nihilo</strong></span> <span class='ocrx_word' id='word_1_285' title='bbox 379 2741 465 2791; x_wconf 90' lang='lat' dir='ltr'><strong>minus</strong></span> <span class='ocrx_word' id='word_1_286' title='bbox 484 2738 614 2790; x_wconf 76' lang='lat' dir='ltr'><strong>Adamum</strong></span> <span class='ocrx_word' id='word_1_287' title='bbox 632 2739 664 2791; x_wconf 88' lang='lat' dir='ltr'><strong>de</strong></span> <span class='ocrx_word' id='word_1_288' title='bbox 682 2739 770 2791; x_wconf 89' lang='lat' dir='ltr'><strong>eadem</strong></span> <span class='ocrx_word' id='word_1_289' title='bbox 790 2740 950 2804; x_wconf 87' lang='lat' dir='ltr'><strong>comedisse,</strong></span> <span class='ocrx_word' id='word_1_290' title='bbox 980 2753 1028 2790; x_wconf 89' lang='lat' dir='ltr'><strong>ne-</strong></span> 
     </span>
     <span class='ocr_line' id='line_1_34' title="bbox 94 2814 1027 2874; baseline -0.002 -4"><span class='ocrx_word' id='word_1_291' title='bbox 94 2818 205 2870; x_wconf 84' lang='lat' dir='ltr'><strong>cessario</strong></span> <span class='ocrx_word' id='word_1_292' title='bbox 225 2816 364 2868; x_wconf 87' lang='lat' dir='ltr'><strong>dicendum</strong></span> <span class='ocrx_word' id='word_1_293' title='bbox 383 2823 438 2874; x_wconf 85' lang='lat' dir='ltr'><strong>est,</strong></span> <span class='ocrx_word' id='word_1_294' title='bbox 467 2818 551 2867; x_wconf 87' lang='lat' dir='ltr'><strong>Deum</strong></span> <span class='ocrx_word' id='word_1_295' title='bbox 568 2814 670 2867; x_wconf 76' lang='lat' dir='ltr'><strong>Adamo</strong></span> <span class='ocrx_word' id='word_1_296' title='bbox 688 2817 786 2866; x_wconf 88' lang='lat' dir='ltr'><strong>malurn</strong></span> <span class='ocrx_word' id='word_1_297' title='bbox 809 2822 907 2868; x_wconf 83' lang='lat' dir='ltr'><strong>tantrma</strong></span> <span class='ocrx_word' id='word_1_298' title='bbox 930 2817 1027 2868; x_wconf 84' lang='lat' dir='ltr'><strong>revela-</strong></span> 
     </span>
     <span class='ocr_line' id='line_1_35' title="bbox 93 2891 1027 2959; baseline 0 -13"><span class='ocrx_word' id='word_1_299' title='bbox 93 2895 175 2957; x_wconf 80' lang='lat' dir='ltr'><strong>cisso,</strong></span> <span class='ocrx_word' id='word_1_300' title='bbox 195 2892 339 2959; x_wconf 88' lang='lat' dir='ltr'><strong>quodcum</strong></span> <span class='ocrx_word' id='word_1_301' title='bbox 354 2893 497 2946; x_wconf 84' lang='lat' dir='ltr'><strong>necessario</strong></span> <span class='ocrx_word' id='word_1_302' title='bbox 512 2899 676 2959; x_wconf 87' lang='lat' dir='ltr'><strong>sequeretur,</strong></span> <span class='ocrx_word' id='word_1_303' title='bbox 696 2894 719 2945; x_wconf 86' lang='lat' dir='ltr'><strong>sl</strong></span> <span class='ocrx_word' id='word_1_304' title='bbox 738 2891 769 2944; x_wconf 90' lang='lat' dir='ltr'><strong>do</strong></span> <span class='ocrx_word' id='word_1_305' title='bbox 789 2891 831 2944; x_wconf 90' lang='lat' dir='ltr'><strong>illa</strong></span> <span class='ocrx_word' id='word_1_306' title='bbox 848 2893 937 2946; x_wconf 86' lang='lat' dir='ltr'><strong>arbore</strong></span> <span class='ocrx_word' id='word_1_307' title='bbox 955 2908 1027 2946; x_wconf 93' lang='lat' dir='ltr'><strong>com-</strong></span> 
     </span>
    </p>
   </div>
   <div class='ocr_carea' id='block_1_3' title="bbox 103 3041 266 3053">
    <p class='ocr_par' dir='ltr' id='par_1_3' title="bbox 103 3041 266 3053">
     <span class='ocr_line' id='line_1_36' title="bbox 103 3041 266 3053; baseline -0.025 0"><span class='ocrx_word' id='word_1_308' title='bbox 103 3041 266 3053; x_wconf 70' lang='lat'><strong>--——-</strong></span> 
     </span>
    </p>
   </div>
   <div class='ocr_carea' id='block_1_4' title="bbox 145 3136 341 3193">
    <p class='ocr_par' dir='ltr' id='par_1_4' title="bbox 145 3136 341 3193">
     <span class='ocr_line' id='line_1_37' title="bbox 145 3136 341 3193; baseline -0.005 -11"><span class='ocrx_word' id='word_1_309' title='bbox 145 3139 164 3187; x_wconf 79' lang='lat'><strong>⁸)</strong></span> <span class='ocrx_word' id='word_1_310' title='bbox 183 3136 266 3182; x_wconf 78' lang='lat' dir='ltr'><strong>lienes.</strong></span> <span class='ocrx_word' id='word_1_311' title='bbox 276 3138 341 3193; x_wconf 67' lang='grc'><strong>2,·11.</strong></span> 
     </span>
    </p>
   </div>
   <div class='ocr_carea' id='block_1_5' title="bbox 0 0 1135 3420">
    <p class='ocr_par' dir='ltr' id='par_1_5' title="bbox 0 0 1135 3420">
     <span class='ocr_line' id='line_1_38' title="bbox 0 0 1135 3420; baseline 0 0"><span class='ocrx_word' id='word_1_312' title='bbox 0 0 1135 3420; x_wconf 95' lang='lat' dir='ltr'><strong> </strong></span> 
     </span>
    </p>
   </div>
  </div>
 </body>
</html>
