2256 3420
259 557 474 656 lNllllll
525 555 847 664 cretton

142 908 161 951 l.
189 907 223 950 lte
233 905 361 961 prophetia.
749 906 763 937 θ

129 965 162 1010 ll.
188 965 222 1009 oe
232 963 358 1020 prophetis.

120 1024 164 1069 lll.
191 1023 225 1067 lle
235 1024 394 1068 Hebraeorum
409 1023 539 1080 vocatione;
558 1027 623 1066 etan
637 1022 723 1066 donum
733 1021 892 1078 propheticum
902 1021 1015 1068 Hebraeis

192 1081 308 1138 peculiare
319 1081 396 1126 luerit.

129 1143 167 1187 lV.
193 1141 379 1196 netegedtvtna.

138 1202 162 1243 V
188 1201 338 1256 horatione,
358 1200 557 1245 curoeremoniae
572 1200 799 1248 manutenuerint,
819 1199 1016 1246 etdeildebisto-

191 1261 291 1315 riarum,
309 1272 392 1316 nempe
402 1271 447 1316 qua
457 1260 546 1305 ratione
556 1259 672 1347 siquibus
683 1271 709 1303 ea
720 1259 850 1304 necessaria
860 1260 897 1303 sit.

123 1318 360 1364 Vl.1)emiraculis

110 1378 162 1422 Vll
188 1378 223 1422 De
233 1377 420 1432 interpretatione
430 1377 568 1433 scripturae

98 1439 161 1484 Vlll.
189 1438 216 1482 ln
230 1450 276 1494 quo
287 1437 421 1492 ostenditur,
432 1437 603 1482 Pentateucbon
613 1442 636 1481 et
644 1435 717 1482 libros
728 1437 824 1492 losuae,
835 1437 953 1490 iudicum,
963 1437 1016 1482 liut.

192 1497 306 1542 Samudlis
325 1502 348 1540 et
360 1496 448 1550 nepum
466 1507 512 1539 non
531 1507 582 1540 esse
599 1496 749 1552 autographa.
780 1497 868 1542 Deinde
886 1497 1016 1552 inquiritur,

192 1569 221 1601 an
240 1567 320 1600 eorum
336 1557 439 1602 omniurn
453 1555 577 1610 scriptores
589 1554 668 1611 plures
682 1552 780 1613 tuerint',
799 1569 829 1602 an
846 1562 1016 1608 anastasium,

193 1622 216 1660 et
225 1616 327 1672 quinam.

120 1675 161 1718 tx.
188 1674 223 1719 De
237 1674 318 1718 iisdem
332 1672 398 1717 libris
408 1672 453 1716 alia
463 1673 622 1729 inquiruntur,
638 1686 720 1731 nempe
729 1687 758 1719 an
768 1674 854 1719 llezras
870 1675 896 1718 iis
911 1672 1016 1718 ultimam

192 1745 286 1777 manum
297 1733 444 1788 imposuerit;
465 1736 487 1776 et
496 1732 578 1777 deinde
588 1739 665 1777 utrum
676 1740 744 1777 notae
752 1733 904 1789 marginales,
923 1733 1015 1788 quaein

192 1792 305 1837 Hebraeis
315 1790 405 1836 oodioib
423 1803 434 1834 s
444 1793 599 1846 reperiuntur,
610 1792 686 1836 variae
696 1793 781 1836 inerint
789 1790 909 1838 lectiones.

136 1853 165 1897 X·
192 1849 283 1918 Reliqui
301 1851 384 1895 veteris
403 1803 533 1895 tgstamemt
550 1850 604 1895 libri
623 1852 704 1895 eodem
724 1851 805 1908 modo,
825 1863 871 1907 quo
886 1851 1017 1905 superiores

194 1916 361 1954 examinantur.

123 1971 165 2015 xt.
193 1969 332 2025 inquiritur,
351 1981 381 2013 an
395 1968 491 2025 apostoli
507 1968 616 2026 epistolas
630 1980 684 2014 suas
695 1975 804 2040 tanquam
814 1967 912 2024 apostoli
927 1974 949 2013 et
963 1980 1018 2024 pro-

193 2028 288 2093 phetae,
307 2039 337 2071 an
351 2039 404 2073 tero
419 2035 528 2085 tanquam
542 2029 648 2075 doctores
658 2029 798 2084 scripserint.
825 2027 914 2072 Deinde
923 2033 1018 2083 aposto-

194 2072 271 2131 lorum
280 2085 383 2131 oilicium
394 2089 529 2137 ostenditur.

112 2147 165 2192 xtt.
193 2146 227 2190 oe
237 2158 290 2189 vero
304 2145 362 2201 legis
377 2146 466 2190 divinae
480 2148 622 2203 syngrapho,
641 2155 717 2205 etqua
727 2147 937 2201 rationescriptura
951 2158 1017 2191 sacra

194 2211 296 2259 uocatur,
306 2213 329 2250 et
338 2218 383 2262 qua
394 2207 482 2251 ratione
491 2207 586 2252 uerbum
592 2208 647 2264 Dei;
658 2214 681 2252 et
689 2208 788 2264 deniqne
798 2205 940 2251 ostenditur
934 2217 1017 2260 ipsam,
1083 2210 1087 2218 “

191 2270 306 2321 quatenns
315 2263 411 2309 verbum
421 2265 463 2309 Dei
474 2267 582 2321 continet,
597 2267 752 2323 incorruptam
763 2267 791 2310 ad
801 2276 842 2309 nos
853 2264 991 2319 pervenisse.

103 2323 169 2368 xttt.
197 2325 330 2370 ostenditur
340 2325 479 2381 scripturam
495 2336 539 2368 non
549 2325 592 2369 nist
587 2325 772 2381 simplicissima
788 2324 884 2376 dooere,
898 2335 941 2367 nec
956 2322 1017 2368 aliud

193 2390 285 2439 praeter
298 2384 454 2428 obedientiam
469 2384 597 2440 intendere,
617 2397 659 2430 nec
673 2385 702 2428 de
715 2384 789 2428 diuina
804 2388 884 2426 natura
899 2381 960 2426 aliud
975 2383 1018 2427 do-

193 2454 245 2486 cere
248 2455 333 2498 ,quam
344 2443 404 2499 quod
416 2443 520 2487 homines
531 2449 592 2487 certa
602 2443 691 2488 vivendi
701 2443 789 2486 ratione
799 2441 882 2485 imitari
894 2449 995 2497 possunt

103 2501 162 2547 xlv.
190 2501 249 2556 Quid
259 2503 289 2547 sit
298 2501 366 2558 lidos,
378 2503 471 2559 quinam
482 2501 570 2546 fideles.
597 2502 659 2547 Fidei
671 2503 819 2546 fundamenta
829 2500 1017 2556 determinantur,

193 2567 215 2604 et
224 2561 274 2616 ipsa
284 2574 297 2605 a
307 2561 451 2617 philosophia
463 2561 554 2605 tandem
565 2568 693 2617 separatur.

119 2620 167 2663 XV.
195 2620 243 2664 lVoc
269 2620 407 2676 theologiam
435 2620 529 2676 rationi,
558 2632 600 2664 nec
619 2621 730 2664 rationem
754 2617 883 2672 theologiae
906 2619 1017 2665 ancillari.

194 2679 327 2723 ostenditur
345 2686 368 2724 et
385 2680 456 2738 ratio,
475 2692 521 2735 qua
540 2679 606 2725 nobis
624 2691 705 2725 sacrae
718 2679 845 2734 scripturae
859 2679 1017 2724 auctoritatem
1061 2678 1063 2683 '

193 2739 366 2794 persuademus.

108 2798 167 2842 llVl.
195 2797 229 2842 oe
244 2798 385 2852 reipublicae
402 2799 569 2853 fundamentis,
584 2799 612 2843 de
626 2798 675 2842 iure
689 2798 870 2854 uniuscuiusque
883 2797 981 2842 naturali
996 2802 1019 2841 et

194 2855 267 2912 ciuili,
278 2859 352 2914 deque
361 2871 504 2903 summarum
514 2863 653 2913 potestatum
664 2857 721 2902 iure.

91 2915 163 2962 XVll.
191 2915 336 2974 ostenditur,
357 2919 471 2962 neminem
485 2917 562 2961 omnia
577 2917 599 2960 in
613 2929 728 2961 summam
743 2921 878 2972 potestatem
893 2915 1019 2961 transferre

194 2986 271 3030 posse,
281 2987 324 3020 neo
333 2987 385 3021 esse
394 2989 495 3021 necesse.
514 2976 548 3020 De
558 2975 676 3032 republica
686 2976 854 3031 Hebraeorum,
864 2975 939 3032 qualis
949 2975 1022 3018 luerit

193 3034 359 3089 viventoliose,
370 3034 444 3090 qualis
455 3042 506 3091 post
516 3037 564 3082 eius
575 3043 683 3094 mortem,
693 3041 823 3097 antequam
829 3047 901 3093 renes
909 3033 1041 3087 eheqer‘mt,
