2256 3420
397 152 404 169 ⁰
492 171 559 215 car.
587 169 631 216 111.
987 171 1025 230 dl

98 346 186 399 edium
197 347 226 396 iu
236 358 265 395 se
275 344 532 409 converterintidque
542 359 592 396 non
603 351 700 396 tautum
710 345 800 398 ritibus
811 350 926 410 externis,
936 349 1027 402 ritibus

95 421 1027 490 ceterarumnationnmcontrariis‚sedetiamsignocircnmcisionis,quod

95 498 289 564 religiosissime
304 504 413 548 serrant.
450 497 525 559 Quod
541 505 626 548 autem
640 498 772 548 nationum
787 499 873 550 odium
884 514 927 550 eos
938 502 1028 552 admo-

96 573 312 635 dnmconseraet,
333 573 359 625 id
368 575 418 624 iarn
428 575 581 638 experientia
591 574 685 624 docuit.
722 576 764 625 54.
784 577 1029 642 anmrexllispa-

96 652 152 703 niae
164 650 229 702 olim
244 649 354 701 ludaeos
369 651 452 714 coe'git
467 651 537 715 regni
548 650 693 714 religionem
702 650 834 702 admittere
843 651 880 702 rel
890 655 915 702 in
926 651 1028 703 erilium

96 727 146 789 ite,
164 727 318 793 perplurimi
333 727 420 777 ludaei
435 726 622 793 pontificiorum
635 725 782 791 religionem
792 728 962 789 admisemnt;
982 729 1028 779 sed

97 805 155 869 qnia
165 805 215 865 iis,
235 802 282 868 qni
292 801 439 866 religionem
454 802 625 863 admiserunt,
643 804 727 853 omnia
738 805 911 869 Hispanorum
926 811 1028 855 natura-

97 880 157 931 lium
167 879 300 947 privilegia
310 892 430 929 concessa
440 886 510 939 sunt,
531 879 599 942 iiqno
609 877 730 929 omnibus
740 878 880 931 bonoribus
891 881 961 946 dignl
970 880 1027 932 exi-

98 957 193 1008 stimati
202 964 276 1016 sunt,
297 957 382 1006 statim
392 956 426 1005 ita
437 969 465 1005 se
475 955 598 1020 llispanis
610 955 819 1018 immiscuerunt,
841 964 869 1007 nt
880 972 959 1023 pauco
969 963 1028 1023 post

97 1040 210 1098 tempore
226 1031 311 1083 nullae
324 1045 413 1082 eorum
427 1030 548 1094 reliquiae
564 1031 717 1091 manserint,
737 1044 821 1095 nequa
835 1033 886 1084 ulla
897 1035 1027 1085 memoria.

96 1107 129 1159 At
143 1108 219 1174 plane
234 1115 321 1159 contra
335 1109 367 1159 iis
378 1107 494 1172 contigit,
515 1123 581 1172 quos
591 1122 633 1158 rex
641 1108 822 1158 Lusitanorum
832 1109 976 1174 religionem
987 1111 1029 1161 sui

96 1185 196 1251 imperii
206 1186 339 1235 admittere
349 1183 445 1247 coegit,
456 1184 500 1247 qui
510 1198 625 1249 semper,
641 1184 757 1249 quamvis
767 1184 799 1234 ad
810 1183 956 1250 religionem
966 1200 1029 1237 con-

96 1262 174 1322 rarsi,
194 1259 227 1311 ab
237 1259 358 1311 omnibns
368 1260 477 1324 separati
492 1260 618 1321 vixerunt,
639 1260 758 1310 nimirum
775 1260 834 1325 quia
848 1274 893 1312 eos
908 1261 1028 1313 omnibus

96 1336 239 1388 bonoribus
249 1336 369 1401 indignos
381 1335 524 1386 declararit.
561 1337 603 1387 55.
623 1337 729 1400 Signum
741 1337 942 1389 circumcisionis
952 1338 1028 1388 etiam

95 1413 142 1465 bac
156 1414 184 1464 in
199 1427 225 1464 ce
236 1419 335 1463 tantum
345 1427 421 1478 posse
431 1412 561 1472 existimo,
580 1419 609 1461 ut
620 1411 681 1463 mibi
691 1413 870 1478 persuadeam,
890 1413 938 1464 boc
947 1429 1028 1467 unum

96 1488 160 1541 banc
170 1490 302 1540 nationem
311 1489 337 1539 in
348 1495 478 1538 aeternnm
490 1497 712 1546 conservaturum:
734 1490 785 1540 imo
796 1489 846 1540 nisi
861 1489 1027 1541 fundamenta

97 1579 157 1618 snae
172 1564 305 1629 religionis
320 1578 408 1614 eornm
427 1564 525 1616 animos
545 1564 733 1626 effeminarent,
752 1565 868 1617 absolute
887 1566 1025 1627 crederem,

96 1656 139 1693 eos
154 1641 312 1707 aliquando,
331 1640 388 1690 data
404 1640 549 1703 occasione,
569 1650 597 1692 ut
611 1649 672 1693 sunt
686 1655 725 1693 res
741 1641 867 1693 humanae
881 1641 1026 1704 mutabiles,

97 1731 174 1769 sunm
185 1718 323 1782 imperium
334 1718 425 1767 iterum
436 1724 579 1779 erecturos,
598 1721 734 1783 Deumque
749 1733 793 1769 eos
809 1719 840 1769 de
855 1733 918 1768 novo
933 1718 1028 1769 electu-

97 1809 162 1844 rum.
209 1794 251 1844 56.
272 1793 351 1844 Cuius
370 1795 446 1844 etiam
466 1794 501 1844 rei
521 1795 663 1860 exemplum
682 1794 837 1860 praeclarum
856 1792 981 1844 babemus
1001 1795 1027 1844 in

97 1869 287 1932 (lirinensibus,
308 1872 351 1933 qui
368 1871 445 1921 etiam
459 1884 558 1921 comma
574 1869 678 1936 aliquod
695 1870 721 1919 ln
740 1871 821 1934 capite
839 1869 1027 1932 religiosissime

96 1952 211 2009 sanant,
233 1960 283 2009 quo
303 1960 331 1996 se
351 1944 382 1996 ab
401 1945 523 1997 omnibus
541 1946 598 1997 aliis
616 1951 747 2012 separant,
767 1945 845 1996 etita
863 1945 971 2009 separati
992 1951 1028 1995 tot

95 2036 223 2074 annorum
237 2021 316 2072 millia
331 2034 359 2072 se
373 2030 595 2087 conservaverunt,
615 2031 643 2073 ut
651 2022 801 2087 antiquitate
810 2021 921 2086 reliquas
937 2035 1027 2072 omnes

96 2100 214 2151 nationes
238 2097 313 2162 longe
336 2105 469 2163 superent;
498 2113 544 2150 nec
566 2115 667 2165 semper
689 2100 825 2164 imperium
848 2098 1025 2159 obtinuerunt;

95 2183 207 2239 attamen
223 2173 285 2224 illud
300 2175 424 2225 amissum
439 2184 663 2241 recuperaverunt,
683 2183 708 2227 et
722 2177 777 2227 sine
792 2174 870 2226 dubio
880 2174 972 2225 iterum
983 2189 1026 2226 ce-

95 2249 272 2317 ouperabunt,
293 2251 337 2300 ubi
347 2253 508 2302 Tartarornm
524 2253 602 2303 animi
612 2268 672 2318 prae
684 2253 743 2304 luxu
754 2252 896 2303 divitiarum
906 2257 931 2301 et
940 2263 1027 2300 socor-

96 2328 138 2379 dia
151 2327 317 2391 languescere
331 2327 461 2392 incipient.
498 2327 539 2379 st.
559 2331 674 2394 Denique
689 2331 710 2380 si
726 2329 784 2394 quis
799 2327 870 2378 vellet
880 2325 1024 2388 defendere,

95 2404 206 2468 ludaeos
216 2402 262 2452 bac
272 2401 311 2453 vel
320 2401 367 2454 alia
378 2402 409 2454 de
418 2417 496 2454 cansa
505 2418 520 2453 n
528 2406 582 2455 lleo
594 2406 619 2455 in
629 2414 759 2457 aeternnm
769 2404 863 2455 electos
873 2401 961 2462 luisse,
974 2418 1025 2454 non

96 2481 145 2546 ipsi
156 2477 321 2546 repugnabo,
331 2480 407 2531 modo
418 2486 525 2541 statuat,
537 2480 602 2532 banc
614 2483 776 2541 electionem,
789 2479 826 2528 rel
837 2485 1025 2543 temporaneam

77 2557 134 2609 .vel
154 2565 298 2615 aeternam,
322 2563 448 2620 quatenus
467 2571 495 2608 ea
514 2563 612 2608 tantum
630 2558 731 2608 ludaeis
750 2555 884 2623 peculiaris
901 2563 954 2616 est,
975 2572 1025 2609 non

97 2634 225 2699 respicere
240 2631 291 2682 nisi
304 2632 438 2697 imperium
449 2641 473 2684 et
483 2635 594 2699 corporis
605 2634 795 2684 commoditates
805 2630 1025 2698 (quandoquidem

96 2710 145 2762 boc
160 2710 244 2760 solum
259 2722 337 2758 unam
348 2710 474 2760 nationem
492 2708 523 2759 ab
533 2709 581 2759 alia
595 2710 751 2793 distinguere
764 2705 873 2775 potesl);
892 2721 917 2763 at
932 2714 1025 2763 ratione

97 2785 242 2838 intellectus
253 2791 277 2836 et
286 2798 357 2836 verae
368 2787 466 2837 virtutis
476 2786 572 2838 nullam
583 2788 711 2837 nationem
723 2785 811 2837 abella
822 2784 957 2859 distingui,
977 2791 1025 2842 ud-

98 2877 180 2930 eoque
191 2863 232 2914 bis
242 2863 269 2914 in
279 2860 355 2913 rebus
366 2877 412 2914 nec
421 2879 435 2914 n
444 2866 498 2915 Deo
508 2877 586 2914 unam
595 2877 656 2929 prae
666 2863 713 2915 alia
724 2862 797 2930 eligi.-

481 3062 644 3076 *—
