2256 3420
500 176 569 221 car.
595 176 628 222 tt.
780 210 787 217 .
989 173 1031 231 45

92 351 173 409 rarit;
194 355 220 401 et
234 348 291 407 iden
304 350 379 402 etiem
389 349 595 416 sesupralegetn
604 347 678 416 (nem
687 349 759 402 eriis
769 356 870 401 mutum
881 349 971 402 tradite
981 358 1030 413 est,

92 428 141 494 qui
156 428 254 478 ratione
266 432 292 478 et
300 422 425 478 naturalis
433 425 578 478 intellectus
588 427 750 478 documentis
760 428 859 492 carent)
869 429 1030 495 existimarit,

91 504 219 570 legesque
229 515 329 563 omnes,
348 516 416 568 quae
425 516 510 567 regem
520 510 643 569 spectent,
664 510 689 555 et
697 516 765 569 quae
775 502 856 554 tribus
867 504 1032 570 potissimum

93 578 249 631 constabant
261 578 332 645 (ride
346 580 421 630 neat.
437 592 495 644 cup.
507 579 549 632 17.
560 594 584 631 ι.
596 580 638 632 16.
650 579 720 648 17.),
739 580 809 646 parri
824 579 959 646 pependit,
978 581 1032 630 imp

93 670 141 709 eas
154 656 231 723 plrne
243 654 345 707 violarit
362 653 408 721 (ln
427 669 478 720 qun
498 662 583 707 tamen
601 657 705 717 emerit,
724 670 772 708 nec
789 655 860 722 quod
878 654 1032 723 philosopho

95 732 280 798 dignement,
300 745 406 797 nempe,
426 730 495 797 quod
510 731 682 798 vuluptatibus
695 731 859 801 indulserit),
879 733 965 784 omnir
978 732 1033 783 ler-

94 817 174 861 tnnae
190 809 257 860 bone
270 806 423 859 mortalibus
438 822 501 859 rene
515 821 574 859 esse
588 807 677 877 docuit
689 811 758 872 (ride
767 809 925 871 Ecclesiast.)
934 815 958 860 ct
968 809 1032 860 niltil

94 886 215 937 ltomines
234 884 363 936 intellectu
383 885 554 949 praestantius
572 883 683 948 hebere,
703 900 760 938 nee
782 887 872 939 maiori
893 885 1031 953 supplicio,

93 978 175 1028 quam
185 962 303 1022 stultitia,
322 961 418 1027 puniri.
454 961 519 1012 Vide
529 961 649 1014 Proverb.
660 975 717 1029 cap.
730 963 771 1014 iti.
783 978 806 1013 v.
817 966 860 1015 22.
871 963 915 1015 23.

148 1040 192 1092 13.
211 1039 263 1090 Sed
272 1039 305 1090 rd
319 1037 456 1104 prophetas
470 1045 637 1102 revertamur,
659 1052 768 1103 qnorum
784 1038 959 1106 discrepantes
972 1038 1032 1105 cpi-

94 1117 189 1167 ninncs
202 1116 280 1166 elium
294 1122 381 1167 notare
390 1115 563 1180 suscepimus.
598 1113 738 1166 Ezechielis
748 1116 888 1168 sententies
897 1117 961 1168 adeo
970 1130 1033 1167 sen-

94 1193 185 1244 tentiis
195 1193 277 1243 llnsis
287 1197 458 1257 repugnantes
468 1192 620 1242 invenerunt
629 1190 735 1251 liabini,
744 1228 746 1232 ι
756 1193 800 1256 qui
816 1191 891 1242 nobis
905 1191 963 1243 illos
972 1191 1032 1260 (qui

95 1270 149 1320 iam
164 1274 263 1319 tantum
273 1268 384 1332 exstant)
400 1266 478 1317 libros
492 1267 675 1333 prophetarum
688 1267 846 1333 reliquerunt
861 1267 911 1334 (nti
926 1276 1031 1321 tractatu

94 1344 201 1397 Sabbeti
211 1359 268 1411 cap.
280 1346 305 1397 l.
316 1342 361 1394 inl.
374 1344 415 1396 13.
425 1357 453 1409 p.
464 1345 490 1396 2.
501 1345 643 1409 narratur),
655 1350 685 1395 ut
693 1344 744 1395 lere
754 1344 955 1407 deliberaverint,
974 1347 1031 1398 eius

94 1421 191 1472 libmm
207 1421 274 1472 inter
286 1421 424 1472 canonicos
439 1434 490 1470 non
504 1420 650 1482 admittere,
670 1427 747 1486 atque
761 1421 872 1473 eundem
886 1423 960 1489 plane
969 1421 1032 1474 alts-

95 1498 289 1560 cnndidisssnt,
306 1497 356 1548 nisi
371 1496 476 1561 qnidam
488 1496 630 1548 Chananias
644 1497 670 1547 in
685 1511 713 1548 se
722 1499 880 1564 suscepisset
890 1501 976 1565 ipsum
986 1514 1032 1551 er-

95 1575 205 1641 plieerec
227 1574 297 1640 quod
312 1573 414 1625 tandem
429 1588 523 1640 mrgne
536 1587 594 1624 cnm
608 1573 695 1624 lebnre
708 1580 734 1625 et
748 1576 833 1626 stadia
843 1575 886 1642 (ut
896 1575 932 1628 ibi
942 1590 1031 1627 nerra·

96 1653 150 1718 tur)
166 1652 238 1702 aiunt
251 1651 337 1717 ipsum
352 1650 458 1709 iecisse;
478 1664 529 1716 qur
543 1651 639 1701 ratione
652 1658 752 1715 autem,
772 1665 825 1703 nnn
840 1653 904 1703 satis
918 1659 1028 1710 constet,

94 1742 205 1794 nempe,
225 1741 256 1778 tn
267 1727 338 1792 qued
349 1728 574 1787 commentarium,
594 1728 638 1791 qui
650 1726 713 1778 lorte
723 1728 812 1792 periit,
831 1730 970 1794 scripserit,
991 1728 1030 1779 rel

96 1804 169 1871 qnod
179 1806 234 1871 ipsa
243 1804 385 1855 Ezechielis
395 1802 470 1854 rerba
484 1811 510 1855 et
520 1803 647 1853 orationes
656 1801 699 1867 (ut
710 1803 884 1864 luitandaeia)
896 1806 1030 1856 mutaverit

94 1889 122 1932 et
131 1894 220 1933 essue
231 1880 333 1946 ingenio
347 1881 480 1931 ornaverit.
517 1877 651 1944 Quidquid
664 1879 711 1938 sit,
732 1893 789 1944 crp.
798 1879 889 1930 saltem
901 1879 967 1945 ter)
977 1894 1029 1931 nen

96 1958 197 2010 ridetur
214 1957 348 2008 convenire
366 1970 425 2008 cnm
444 1969 519 2008 versu
533 1955 558 2007 7.
573 1969 629 2021 cap.
640 1955 684 2006 31.
700 1955 795 2016 Exodi,
816 1969 863 2006 nec
877 1968 935 2006 cum
950 1969 974 2006 v.
986 1955 1028 2007 18.

96 2049 155 2101 cap.
167 2035 209 2089 32.
220 2036 312 2085 ierem.
325 2039 374 2085 etc.
411 2036 453 2085 5tt.
490 2030 611 2084 Shrmnel
622 2029 749 2093 credebat,
763 2033 857 2094 Deum,
876 2029 922 2082 ubi
932 2031 1030 2097 aliquid

96 2113 256 2171 decreverat,
281 2124 413 2175 nunqnam
433 2111 526 2162 decreti
544 2110 674 2176 poenitere
692 2107 768 2176 (rlde
787 2107 833 2160 lib.
854 2109 866 2159 1
884 2106 1030 2159 Shamnelis

94 2204 155 2255 cap.
169 2189 210 2239 ts.
221 2186 328 2253 ν.13.);
347 2201 406 2237 nrm
418 2186 510 2248 saulo,
530 2187 572 2238 sui
586 2186 682 2252 peccati
693 2185 831 2252 poenitenti
840 2191 864 2236 et
873 2186 957 2236 Deum
963 2183 1031 2235 ade·

95 2280 153 2316 rare
167 2264 318 2327 reniumque
327 2262 359 2313 ab
373 2265 431 2329 lpse
447 2269 534 2328 petere
542 2261 649 2328 volenti,
668 2261 742 2323 dtrtt,
762 2264 845 2313 licum
855 2275 932 2312 snum
942 2268 1030 2312 contra

96 2357 156 2393 enm
168 2340 297 2391 decretum
310 2354 359 2390 nnn
371 2347 539 2390 mutaturum.
565 2340 687 2391 Ieremias
698 2347 784 2390 autern
793 2345 881 2389 contra
892 2337 1028 2388 revetatnm

96 2418 146 2468 luit
161 2416 507 2484 (videcap.18.‘v.8.lti.)‚
526 2429 622 2481 nempe
633 2418 732 2477 Deum,
752 2414 804 2466 sire
818 2413 915 2480 aliquid
930 2414 1027 2476 damni,

95 2495 151 2546 siue
165 2492 262 2561 aliquid
277 2493 337 2544 honi
352 2492 427 2543 alicui
443 2493 538 2543 nationi
553 2492 703 2551 decreverit,
721 2493 762 2543 snl
777 2490 869 2543 decreti
888 2491 1027 2556 poenitere,

97 2569 175 2621 modo
188 2569 304 2620 homines
319 2570 396 2620 etiam
410 2584 424 2619 a
440 2578 553 2634 tempore
568 2571 707 2620 sententiae
722 2568 761 2619 vel
777 2568 801 2618 in
818 2567 924 2630 melius,
943 2567 982 2620 vel
1000 2569 1028 2620 in
1062 2570 1064 2579 ’

96 2647 172 2712 peius
186 2651 326 2697 mutentur.
361 2645 396 2696 at
410 2647 461 2696 Indi
473 2648 556 2696 Deum
571 2646 658 2696 damni
672 2645 801 2712 poenitere
816 2651 914 2696 tantum
930 2645 1027 2696 docuit.

97 2723 176 2790 (Vide
191 2723 313 2787 einsctp.
323 2723 350 2772 2.
360 2737 384 2773 r.
397 2722 454 2790 13.)
490 2723 532 2774 51.
553 2723 669 2787 Denique
683 2736 712 2772 ex
726 2722 807 2786 capite
822 2723 848 2772 4.
859 2722 953 2774 Genes.
963 2737 988 2773 v.
1001 2723 1027 2774 7.
1101 2780 1104 2784 ,

95 2799 238 2852 clarissime
253 2804 364 2859 constat,
385 2799 515 2850 hominem
528 2811 606 2864 posse
618 2799 715 2864 peccati
729 2798 879 2850 tentntinnes
890 2799 993 2850 domare
1004 2806 1029 2850 et

95 2877 162 2928 hene
175 2889 261 2941 agere3
282 2874 309 2925 id
323 2877 390 2927 enim
405 2878 489 2927 lirino
503 2875 607 2939 dicitur,
628 2875 672 2941 qui
686 2881 786 2934 tamen,
804 2882 834 2926 ut
848 2890 877 2927 ex
891 2877 947 2942 ipsa
958 2876 1029 2927 Scri-

96 2959 171 3020 ptura
181 2951 323 3018 etloseplrn
337 2959 448 3014 constat,
469 2967 513 3005 eas
527 2966 660 3018 nunqnam
676 2950 795 3005 dometii.
830 2954 902 3006 ldem
914 2955 1028 3006 etiamen

103 3065 266 3078 ¹1-—

149 3124 169 3174 ·)
190 3120 239 3165 vtd.
251 3121 356 3176 inprimis
366 3134 385 3166 r·
397 3122 428 3164 tt.
439 3124 472 3164 20.
