2256 3420
467 181 535 225 cur.
559 181 579 224 1.
935 122 987 232 '19

105 357 149 409 13.
169 354 251 408 Verba
270 353 382 420 decalogi
398 368 428 406 cr
446 355 566 421 opinione
584 353 745 420 quorundam
763 354 916 406 ludaeorum
936 368 987 405 non

54 432 160 485 luerunt
179 446 192 482 a
209 433 265 484 Deo
283 431 395 499 prolata,
419 432 465 483 sed
484 438 590 499 putant.
614 432 683 496 quod
701 431 830 482 Israelitae
853 430 987 494 strepitum

53 517 156 561 tantum
170 508 335 570 audiverunt,
357 507 427 558 nulla
441 508 546 572 quidem
564 507 639 559 verba
657 508 843 573 proterentem,
862 512 939 570 atque
958 519 988 556 oo

53 586 165 637 durante
175 585 243 650 leges
254 584 367 649 decalogi
377 597 440 649 pura
454 592 543 636 mente
555 592 733 650 perceperunt.
768 581 847 646 Quod
854 596 901 646 ege
912 581 991 632 etiam

54 660 196 726 attqumdo
214 661 361 726 suspicatus
379 675 451 720 snm,
472 661 532 726 quir
549 658 666 711 videbam
684 659 760 711 rerba
777 658 890 724 decalogi
908 657 988 709 Exodi

54 739 152 790 variare
161 736 194 788 rb
203 737 237 788 iis
247 736 361 801 decalogi
371 733 581 794 Deuteronomii5
595 751 625 787 ar
634 751 686 801 quo
695 736 878 801 rideturscqui
889 733 988 801 (quan-

55 814 198 879 doquidem
211 814 282 864 Deus
297 812 377 864 semel
391 818 493 862 tuntum
504 812 604 863 locutus
619 813 685 879 eat),
704 812 853 879 decalogum
868 825 919 862 noa
934 811 989 876 inor

55 888 206 950 minerba,
224 889 269 940 sed
280 895 380 939 tuntum
389 890 528 940 sententias
538 889 628 939 docere
636 888 709 941 veile.
747 891 788 942 ll.
806 888 927 939 Attamen
936 886 989 937 nisi

56 967 205 1032 scripturae
214 964 265 1015 vim
276 965 369 1016 interne
378 965 496 1026 velimus,
507 966 614 1016 omuino
624 964 817 1016 concedendum
826 971 874 1034 est,
886 963 990 1015 lsrattli-

56 1050 97 1093 taa
115 1055 200 1094 reram
219 1054 306 1092 vocem
324 1040 464 1092 audiuisse.
499 1041 565 1092 Nam
579 1042 710 1107 Scriptura
726 1045 802 1093 Dent.
818 1055 875 1107 cap.
887 1044 912 1093 5.
927 1044 988 1092 Μ.

56 1147 176 1200 expresse
195 1131 271 1185 dicit:
290 1135 375 1220 illm
397 1136 466 1222 ’1ῌέ
490 1138 586 1222 [3Ξέἷῖ
609 1135 682 1224 Π]Πῖ
705 1138 774 1225 '³3¹‘
795 1139 893 1225 nuga
914 1137 988 1223 ⁹³?

21 1246 23 1250 '
57 1239 137 1331 ΨΜ]
173 1243 296 1308 Desacie
309 1242 456 1308 adfaciem
470 1242 571 1294 locutus
584 1243 703 1294 esiDcus
717 1245 927 1306 colimento,
942 1243 990 1296 lioc

57 1343 111 1398 est,
131 1343 160 1387 ut
173 1334 224 1386 duo
239 1334 357 1386 homines
370 1350 433 1386 suos
447 1343 585 1402 conceptus
601 1337 722 1399 invicem,
743 1335 915 1388 mediantibus
934 1338 990 1389 suia

58 1412 163 1464 duobus
172 1410 332 1477 corporibus,
345 1412 533 1463 communicare
543 1411 635 1464 solent.
670 1414 831 1480 Quapropter
840 1416 989 1479 magiscnm

58 1491 189 1555 Scriptura
199 1488 333 1538 convenire
342 1488 455 1551 ridetur,
470 1487 540 1553 quod
549 1490 621 1540 Deus
630 1489 744 1556 aliquam
750 1504 836 1542 vocem
847 1505 904 1542 vero
914 1504 988 1542 crea-

57 1567 108 1627 uit,
128 1578 180 1630 qua
199 1565 254 1628 ipsc
273 1561 422 1628 decalogum
442 1563 567 1616 revelavit.
604 1567 687 1617 Causa
705 1573 789 1617 nutem
809 1581 855 1618 cur
872 1566 946 1619 verba
965 1573 991 1618 et

57 1643 170 1693 rationes
184 1640 262 1690 unius
276 1654 290 1691 u
305 1638 389 1690 uerbis
404 1646 429 1690 et
442 1639 583 1692 rationibus
597 1642 701 1693 alterius
715 1642 824 1705 variant,
845 1642 877 1694 de
890 1657 919 1694 er
933 1642 990 1694 vide

57 1731 115 1782 cap.
125 1718 153 1769 8.
191 1716 233 1767 15.
253 1716 347 1767 Verum
361 1715 430 1766 enim
445 1730 503 1767 vero
517 1731 565 1768 nec
578 1717 626 1771 lroc
635 1718 710 1769 modo
720 1721 805 1770 omnia
814 1718 910 1770 tollitur
919 1718 989 1771 diffl-

58 1794 150 1847 cutus.
185 1793 250 1845 Natu
260 1806 311 1843 nou
321 1793 544 1858 purumurationo
553 1792 666 1845 alienum
675 1795 774 1846 videtur
782 1802 901 1856 statuere,
921 1794 991 1860 quod

57 1874 207 1933 concreata,
226 1870 304 1920 alteo
313 1867 404 1920 codem
413 1867 491 1919 modo
500 1881 529 1920 ac
542 1868 655 1934 reliquae
667 1869 831 1935 dependens,
851 1871 990 1922 essentium

58 1952 104 1999 ant
113 1945 271 1998 existentium
280 1945 329 1997 liei
341 1951 421 1996 ruunt
433 1943 520 1996 verbis
528 1946 667 2012 exprimere
676 1952 721 1996 rut
730 1945 851 2012 explicare
862 1960 906 2013 por
915 1959 990 1997 auam

58 2036 197 2090 personam
215 2027 321 2088 possen
340 2035 433 2087 nempe
450 2021 558 2073 diceudo
576 2022 602 2072 iu
621 2021 701 2087 prima
720 2035 842 2088 persona:
866 2036 917 2087 ego
933 2037 991 2072 eum

57 2097 370 2149 lelooolicuataoueto.
402 2099 436 2149 Et
444 2097 633 2164 quamvis,ubi
641 2097 734 2163 aliquia
744 2112 787 2150 ore
797 2097 869 2150 dicit:
890 2102 991 2163 eguin-

58 2175 164 2234 telleoei,
184 2187 260 2224 nemo
274 2180 346 2239 putet
359 2187 401 2235 oa,
422 2174 469 2226 sed
483 2181 581 2226 tantum
596 2181 707 2226 mentem
722 2174 834 2225 hominis
844 2174 870 2226 id
882 2174 991 2227 dicentis

59 2249 230 2311 intelleniase;
250 2251 310 2315 quia
323 2257 411 2321 tamen
424 2265 454 2301 os
468 2249 499 2300 ad
511 2257 626 2302 naturam
635 2251 746 2302 hominis
757 2251 782 2302 id
793 2250 899 2302 dicentis
909 2250 991 2303 reler-

59 2333 117 2389 tnr,
132 2331 158 2377 et
171 2326 248 2376 etiam
263 2326 301 2389 is,
321 2327 365 2377 cni
377 2325 403 2377 id
419 2327 526 2389 dicitur,
546 2334 662 2378 naturam
675 2327 820 2379 intellectus
835 2334 989 2393 perceperat,

59 2409 173 2454 mentem
189 2400 301 2454 hominis
310 2401 439 2468 loqueatis
450 2403 718 2467 percomparationam
728 2404 770 2454 sui
779 2403 852 2454 lacilc
862 2403 994 2468 inteiligit..

61 2478 105 2531 ld.
123 2478 212 2544 Atqui
222 2479 269 2529 liei
280 2478 341 2529 nihil
352 2486 451 2546 praeter
460 2491 553 2528 nomen
563 2485 637 2530 antea
646 2486 781 2541 noverant,
797 2479 992 2545 etipoumullo.

60 2555 105 2620 qui
119 2553 273 2621 cupiebant,
291 2562 320 2605 nt
334 2553 370 2606 de·
379 2555 435 2606 eius
445 2554 577 2606 existentia
585 2556 645 2605 certi
655 2554 757 2614 tierent3
776 2568 828 2605 non
839 2555 911 2608 video
921 2571 990 2622 quo-

59 2629 142 2681 modo
157 2643 246 2704 eorum
266 2631 379 2696 petitioni
398 2629 556 2682 satisfactum
575 2630 624 2681 luit
640 2646 687 2697 per
704 2637 844 2683 creaturam
860 2631 944 2699 (quoe
959 2633 990 2684 ad

59 2707 145 2757 ileum
156 2720 207 2757 nou
219 2707 318 2772 magis,
327 2721 405 2772 (gnam
415 2706 512 2772 reliquo
522 2712 618 2768 creatu,
630 2707 735 2759 refertur
744 2713 768 2757 ot
778 2705 808 2761 ad
819 2709 991 2761 Iteinatnrnm

60 2796 113 2832 nou
123 2782 255 2848 pertinet),
267 2796 332 2848 quac
342 2782 448 2833 diceret:
460 2798 510 2848 ego
519 2798 576 2832 mom
585 2784 666 2832 Deru.
702 2783 805 2845 Quaeso
815 2784 910 2850 quidsi
919 2787 991 2836 Deus

61 2856 131 2910 iabiu
140 2859 240 2921 lionis,
255 2857 301 2910 sed
312 2858 373 2923 quid
383 2855 483 2911 Mosisl
500 2859 551 2909 imo
561 2858 669 2910 alicuius
678 2855 948 2912 hestiaocontorsisset
959 2861 990 2912 ud

61 2933 151 2984 eadem
166 2933 385 3000 pronuntiandum
400 2941 425 2986 ct
437 2933 587 2985 dicendum:
607 2950 722 2999 ogerum
731 2935 811 3001 Deam
832 2952 863 2988 nu
874 2936 933 2988 lude
943 2939 989 2988 Dei

60 3011 221 3061 existentiam
235 3007 420 3076 intelligerent?
456 3011 497 3063 17.
516 3011 614 3062 Deinde
624 3012 755 3078 Scriptura
765 3014 868 3064 omuino
879 3013 991 3064 indicere

62 3086 162 3139 ridetur
170 3087 257 3139 lienam
269 3087 355 3154 ipsum
365 3087 478 3140 locutum
490 3087 569 3142 luisse
579 3087 713 3159 (quemud
721 3087 830 3144 inemo
838 3089 914 3143 cocio
924 3101 1014 3151 suurn

756 3176 798 3236 Ἃ*
