2256 3420
466 164 535 211 uer.
560 164 594 210 tr.
954 159 994 243 ³⁵,
1105 226 1107 233 Α

58 339 152 397 cedere
166 353 324 408 possumus,
343 340 495 410 prophetas,
516 340 560 406 qui
575 338 640 391 nihil
655 339 727 398 novi,
746 340 795 391 nisi
815 338 884 405 quod
900 340 928 390 in
942 339 996 406 lege

57 419 144 472 blesis
160 417 318 479 continetur,
339 416 537 485 prophetabant,
558 431 608 468 nen
624 415 766 479 indiguisse
780 416 869 480 sigeo,
889 415 949 480 quie
966 430 996 469 er

57 495 117 561 lege
134 492 361 556 confirmabantur.
396 496 442 546 Er.
462 508 500 559 gr.
520 492 651 559 prophetie
669 492 791 543 Ieremiee
808 491 841 543 de
858 491 996 544 vestitione

58 569 255 635 Hierosolgmee
270 569 468 622 confirmabatur
481 568 620 635 prophetiis
639 568 795 634 reliquorum
814 565 996 634 prophetarum

58 653 86 698 et
103 646 184 698 minis
203 645 281 712 legis;
303 646 411 712 ideoque
431 647 505 711 signo
524 659 575 696 non
594 645 734 710 indigebat.
771 645 822 697 Sed
841 645 994 709 Chenaniee,

60 723 107 789 qni
123 729 211 774 contre
227 736 318 773 omnes
333 721 470 788 prophetes
485 723 560 773 citent
575 721 684 772 civitatis
703 720 913 775 restauretienem
931 733 996 785 pro·

58 797 196 866 phetebet,
216 798 290 864 signo
304 799 446 850 necesserio
462 796 603 863 indigebat;
624 796 687 848 elles
697 796 729 848 de
739 811 786 849 sue
800 796 932 864 prophetie
943 795 996 847 dn-

60 875 143 927 bitere
152 873 265 936 deberet,
287 874 368 926 donoc
377 881 482 925 eventus
492 875 527 925 rei
537 873 569 925 eb
579 875 635 940 ipso
646 873 787 940 praedictre
797 889 871 926 anem
881 871 996 941 prophe·

59 953 124 1004 tiene
134 949 306 1002 confirmaret.
342 951 406 1002 Vide
415 953 506 1002 Icrem.
517 964 572 1016 cop.
582 951 625 1005 28.
636 965 660 1001 v.
671 949 696 1001 9.

115 1027 158 1080 te.
179 1027 265 1089 Quum
282 1029 367 1093 itaque
382 1026 521 1090 certitudo,
543 1041 609 1092 quae
624 1041 653 1078 er
663 1028 743 1091 signis
753 1028 778 1078 in
789 1027 998 1094 prophetleorie-

60 1103 153 1165 betur,
165 1117 218 1154 non
229 1103 405 1155 methemetica
416 1102 478 1169 (hoc
487 1109 540 1165 est,
552 1117 618 1168 quae
628 1117 658 1154 er
667 1104 818 1156 necessitate
828 1105 998 1171 perceptionis

60 1182 98 1233 rei
120 1186 253 1246 perceptae
272 1187 317 1230 ent
332 1179 400 1230 visae
416 1180 565 1246 sequitur),
585 1179 631 1230 sed
649 1186 747 1230 tentum
767 1180 868 1231 moralis
887 1187 953 1244 eret,
974 1188 1000 1232 et

60 1259 137 1323 signe
147 1270 197 1308 non
210 1256 259 1307 nisi
269 1256 301 1307 ed
313 1255 449 1322 prophetae
460 1255 665 1321 persuadendum
677 1255 817 1320 debentur,
836 1255 896 1307 hine
905 1257 998 1322 sequi·

60 1341 119 1395 tur,
134 1333 262 1400 signepro
272 1331 437 1400 opinionibus
447 1340 472 1382 et
482 1333 619 1398 capacitate
633 1332 770 1399 prophetae
780 1333 837 1384 dete
847 1331 943 1394 fulsum
962 1333 998 1384 ite

61 1417 92 1460 ut
107 1409 225 1475 siguum,
246 1409 314 1474 quod
328 1424 410 1460 uuum
425 1408 574 1476 prophetem
589 1416 685 1461 certum
700 1408 815 1462 redderet
833 1409 865 1461 de
880 1423 926 1461 sue
936 1423 999 1477 pro·

60 1485 164 1553 phetie,
180 1485 271 1548 elium,
287 1487 331 1552 qui
346 1485 404 1537 eliis
419 1493 486 1536 esset
498 1483 614 1537 imbutus
624 1485 802 1553 opinionibus,
818 1485 998 1538 minimecon·

61 1564 164 1614 vincere
180 1570 283 1636 pospet3
304 1570 329 1613 et
342 1562 399 1613 ideo
415 1563 487 1627 signe
502 1563 527 1612 in
543 1577 701 1628 unoquoque
719 1562 841 1628 prophete
859 1561 998 1614 veriebent.

38 1696 40 1701 ,
64 1639 106 1695 13.
126 1639 170 1690 Sic
180 1639 254 1690 etiam
266 1641 321 1705 ipse
333 1639 448 1690 revelatio
459 1638 584 1702 veriebet,
601 1640 688 1690 utiam
699 1638 826 1702 diximus,
843 1639 870 1691 iu
880 1653 999 1705 unoquo·

64 1730 116 1781 que
128 1714 251 1781 prophete
262 1730 309 1782 pro
318 1714 487 1782 dispositione
497 1716 688 1783 temperamenti
699 1716 823 1781 corporis,
840 1716 1000 1782 imeginetle·

62 1794 117 1857 uls,
137 1798 162 1844 et
173 1807 219 1859 pro
228 1793 325 1842 retione
335 1792 499 1858 opinionum,
521 1791 809 1858 quesenteeamplerns
824 1791 915 1842 luerat.
950 1794 999 1844 Pro

62 1870 161 1922 ratione
177 1870 246 1921 enim
262 1869 453 1934 temperamenti
466 1868 578 1920 variabat
596 1867 646 1918 hoe
663 1868 755 1929 modo,
775 1881 882 1933 nempe:
901 1868 924 1917 si
938 1882 1000 1934 pro-

63 1943 139 2012 phete
149 1946 311 2007 eratbileris‚
331 1945 353 1996 ei
364 1943 678 2004 revelehenturvietoriee,
698 1958 746 2008 per
755 1950 780 1995 et
790 1956 855 2008 quae
864 1957 939 2009 porro
950 1942 1000 1994 ho-

64 2022 148 2073 miues
164 2021 196 2073 ed
212 2021 330 2073 laetitiam
345 2028 446 2074 movent
459 2020 472 2088 (
478 2021 540 2073 teies
554 2022 624 2073 enim
638 2019 732 2071 similia
745 2020 848 2086 saepius
866 2020 999 2085 imaginari

65 2097 179 2166 soleet);
198 2099 220 2149 si
237 2104 322 2149 contre
336 2099 417 2150 tristis
432 2106 499 2160 eret,
517 2098 596 2162 belle,
616 2097 744 2164 supplicia
758 2104 783 2148 et
797 2096 882 2147 omnir
895 2097 961 2148 mele
976 2097 1000 2148 ei

64 2173 254 2241 recumbentem
274 2181 299 2225 et
313 2175 350 2226 sic
361 2182 437 2241 prout
446 2175 567 2241 prophete
579 2182 631 2225 erat
640 2175 798 2236 misericors,
812 2172 937 2235 blundus,
949 2175 1012 2235 ire-s

65 2251 182 2314 enudus,
202 2265 306 2303 severus
315 2258 383 2315 etc,
403 2258 509 2302 eatenus
520 2253 600 2316 rengis
609 2257 684 2317 aptus
695 2251 789 2302 erated
798 2251 859 2313 lter,
880 2249 1001 2315 quemad

64 2327 126 2378 illae
140 2327 315 2379 revelationes.
353 2329 393 2380 ll.
412 2329 460 2381 Pro
476 2326 643 2394 dispositione
656 2328 845 2393 imaginetionis
859 2334 944 2377 eutem
963 2326 1001 2377 sie

65 2405 143 2454 etiem
152 2403 279 2467 variebet,
296 2418 402 2471 nempe:
422 2405 444 2455 si
456 2404 575 2470 prophete
589 2411 642 2456 eret
652 2404 778 2470 elegans,
789 2403 853 2470 stglo
864 2403 939 2453 etiem
949 2403 1001 2454 ele-

65 2480 135 2544 genti
149 2481 196 2532 liei
210 2488 322 2532 mentem
338 2480 507 2548 percipiebet‚
531 2481 571 2534 sin
585 2486 671 2532 eutem
682 2481 825 2542 confusus,
836 2478 956 2541 coninse3
976 2486 1002 2532 at

66 2558 104 2608 sic
112 2571 188 2623 porro
198 2557 264 2608 cirea
274 2558 453 2618 revelationes,
470 2572 534 2623 qnae
546 2571 591 2623 pcr
599 2558 723 2624 imagines
734 2554 1000 2622 repraesentabantur,

66 2648 175 2700 nempe:
194 2634 216 2684 si
231 2633 353 2700 prophete
369 2640 422 2684 eret
436 2636 562 2696 rusticus,
581 2632 660 2685 boves
678 2643 704 2685 et
717 2647 806 2684 vacere
821 2639 885 2695 etc„
905 2634 926 2684 si
942 2648 1001 2686 vero

65 2709 155 2771 miles,
172 2709 266 2771 duces,
282 2711 419 2772 exercitus,
437 2711 460 2761 si
470 2711 581 2775 denique
591 2711 703 2771 relicus,
719 2708 813 2760 solium
824 2711 919 2774 regium
930 2711 1002 2761 etsi*

66 2786 136 2838 mille
147 2786 196 2852 ipsi
207 2785 472 2852 repraesentabantur.
508 2788 549 2838 15.
568 2787 684 2852 Denique
695 2784 806 2836 veriebet
817 2786 945 2853 prophetie
957 2801 1001 2852 pro

67 2861 213 2914 diversitate
223 2864 374 2929 opinionum
384 2862 579 2930 prophetarum
601 2877 694 2928 nempe
709 2863 791 2927 magis
801 2863 870 2930 (vide
880 2862 1002 2914 Matthaei

66 2953 125 3005 cep¹
141 2938 198 3007 2.),
217 2940 260 3005 qui
280 2941 355 3005 nugis
373 2940 522 3006 astrologiae
541 2937 691 2999 credebant,
717 2939 823 2993 revelata
842 2939 891 2990 luit
909 2939 1002 2991 Christi
1058 2932 1062 2939 “
1102 2975 1109 2981 .

66 3017 184 3067 nativitas
203 3030 248 3082 per
262 3016 467 3081 imeginetionem
484 3015 571 3068 stellae
586 3017 611 3068 in
627 3016 722 3066 oriente
736 3023 814 3067 ortae.
849 3014 1003 3081 Auguribus

66 3091 322 3146 Nabucedonosserls
334 3091 406 3160 (vide
415 3092 555 3146 Ezechielis
566 3107 622 3162 cap.
633 3094 675 3150 et.
687 3090 776 3161 idi.)
786 3094 813 3145 iu
823 3093 887 3147 entis
896 3090 1012 3144 revelem

762 3178 801 3234 ’ὰὶ

964 3364 995 3392 λ
