2256 3420
480 172 548 214 [ιιι.
574 171 616 214 ιι.
971 168 1011 227 55

81 347 112 399 eli
120 348 182 414 ipso
190 347 260 417 ileo,
270 351 398 410 quicum
407 346 434 395 in
443 354 529 395 nostre
540 352 625 396 mente
634 345 732 407 existit,
747 343 823 397 nobis
831 345 1013 410 pnesciibun-

81 431 130 485 tur,
141 431 221 487 etque
230 421 293 472 eden
303 423 367 472 utin
375 422 484 479 nitendi,
496 437 561 486 quse
570 423 638 472 lune
647 421 724 473 finem
733 430 840 487 spectet,
850 420 898 471 lex
908 421 1012 472 divine

81 501 176 567 ondme
191 505 304 548 vocetur.
339 499 471 560 Quaenam
487 508 571 547 eutem
588 499 649 548 lieet
662 498 746 548 medis
759 499 826 557 sint,
844 505 870 548 et
886 511 1012 561 quaenam

81 574 263 637 ntiosiseudi,
280 589 359 638 quam
369 576 410 625 liic
420 575 479 624 finis
489 576 571 638 exigit.
589 574 1012 640 etqnomodohuucoptimeerei·

81 651 199 719 publicae
219 650 385 701 fundamenta
403 657 544 715 sequautur
562 659 587 700 et
605 653 667 702 ntis
684 651 783 702 risendi
803 652 868 700 iuter
885 650 1011 708 homiues,

81 728 112 779 sd
125 726 298 779 universalem
311 727 418 778 ethium
430 729 549 793 pertinet.
584 728 634 778 ilie
648 743 701 778 nou
714 729 765 779 uisi
782 727 815 778 de
829 727 883 792 lege
892 726 976 776 ditius
985 726 1012 774 iu

82 818 173 873 dmm
180 816 285 870 Wssffl
296 817 377 868 ⁸8²st-

132 883 175 932 14.
195 881 284 942 Quum
301 880 387 944 iisque
404 893 490 930 emor
507 881 564 931 nei
582 895 700 932 summe
716 879 854 932 hominis
873 878 1013 931 felicitts

82 957 125 1008 sit
141 964 173 1007 et
191 955 361 1006 beatitudo
378 963 409 1006 et
429 957 510 1007 linis
532 957 665 1007 ultimus
687 963 717 1006 et
736 972 854 1023 scopus
875 958 1013 1007 omnium

83 1032 289 1084 humanarum
307 1033 478 1089 actionum:
498 1034 616 1097 sequitur
628 1048 687 1083 eum
698 1042 796 1085 tentum
808 1034 889 1099 legem
903 1034 1013 1084 divinem

83 1110 165 1174 sequi,
184 1108 229 1172 qui
241 1108 323 1158 Deum
334 1122 418 1158 emere
428 1117 507 1169 curet,
523 1124 573 1158 non
584 1124 613 1159 ex
622 1111 713 1160 timore
722 1111 851 1175 supplicii,
863 1124 946 1174 neque
955 1122 1014 1174 pree

83 1198 168 1237 umore
177 1182 284 1234 ulterius
293 1184 342 1246 rei,
354 1193 383 1234 ut
392 1184 554 1246 deliciorum,
566 1186 646 1235 lemae
656 1195 720 1246 eto,
731 1188 815 1237 sedes
824 1187 933 1247 eosolo,
944 1183 1014 1249 quod

81 1262 167 1313 ileum
177 1261 255 1321 notit,
266 1261 320 1310 sive
329 1261 398 1325 quod
410 1263 486 1320 novit,
497 1262 544 1311 Ilei
555 1263 724 1326 coguitionem
731 1272 756 1314 et
762 1278 874 1314 emonem
881 1275 1013 1313 summum

84 1336 259 1389 essebonum.
298 1336 338 1387 15.
357 1339 433 1402 Legis
447 1339 523 1402 igitur
537 1337 636 1388 divinae
650 1353 751 1390 summe
766 1341 874 1404 eiusque
882 1352 1014 1389 summum

83 1420 246 1479 praeceptum
262 1419 315 1473 est,
334 1414 428 1464 ileum
444 1421 478 1464 ut
492 1429 646 1465 summum
660 1415 774 1466 bouum
788 1430 906 1477 emere,
922 1404 1025 1479 nempe

83 1499 113 1541 ut
120 1489 172 1540 lum
183 1488 309 1550 diximus,
321 1504 370 1540 uon
381 1505 409 1540 ex
419 1496 488 1540 metu
498 1491 605 1541 alicuius
615 1490 733 1558 supplicii
743 1499 768 1542 et
778 1506 888 1558 poeune,
898 1505 945 1542 uec
955 1505 1015 1556 pree

84 1579 169 1617 tunore
188 1565 292 1616 ulterius
312 1567 362 1626 rei,
383 1581 433 1631 que
452 1567 571 1617 delectari
590 1570 721 1632 cupimus;
742 1569 789 1618 hoe
807 1570 874 1620 enim
893 1568 948 1618 idea
968 1564 1029 1617 neit

83 1641 168 1703 dictet,
181 1642 264 1715 Deum
275 1656 405 1692 summum
415 1657 472 1694 esse
482 1652 597 1695 nostrum
608 1644 715 1704 bouum,
726 1645 779 1694 sive
788 1646 836 1695 Ilei
845 1645 1013 1709 coguitionem

84 1725 234 1771 clamorem
248 1717 324 1768 duem
340 1733 397 1769 esse
405 1719 539 1783 ultimum,
559 1721 590 1771 ad
601 1735 677 1786 quem
692 1722 1021 1771 omueseetiouesuostree

83 1802 145 1847 sunt
154 1794 314 1860 dirigendae.
352 1794 394 1845 16.
413 1797 497 1846 Homo
513 1803 596 1847 temen
611 1794 719 1845 camelis
733 1795 795 1845 haee
809 1795 949 1858 intelligere
968 1808 1016 1845 ue-

82 1872 154 1939 qult,
173 1879 200 1922 et
213 1871 261 1935 ipsi
276 1884 339 1940 vens
350 1871 482 1932 videntur,
502 1875 563 1937 quie
575 1871 652 1920 nimis
661 1873 772 1921 ieiunam
782 1871 829 1921 Ilei
839 1869 1014 1934 hebeteogni-

83 1949 194 2008 tionem,
213 1948 323 1998 etetiem
334 1949 427 2010 quinio
438 1948 485 1999 hoc
495 1946 674 1998 summobono
686 1945 748 1997 nihil
760 1948 867 2012 reperit,
879 1945 948 2011 quod
959 1945 1016 2011 pel-

82 2031 142 2091 μοι,
158 2024 288 2087 comedet,
305 2024 672 2089 euideniquequodcmuem,
689 2036 739 2088 qus
750 2024 856 2075 menime
865 2022 1013 2081 delectetur,

82 2100 185 2163 adiciet,
205 2107 302 2166 utpote,
324 2100 392 2166 quod
403 2102 427 2150 in
438 2100 492 2151 sole
502 2100 676 2167 speculatione
686 2107 711 2151 et
721 2114 785 2166 pure
795 2107 879 2151 mente
889 2099 1014 2151 consistit.

82 2176 117 2229 dt
126 2177 154 2239 ii,
175 2178 220 2241 qui
235 2184 328 2227 uomnt
338 2191 365 2227 se
376 2176 438 2227 nihil
450 2177 578 2227 intellectu
589 2185 613 2227 et
623 2175 959 2244 efflutmsteutlus
969 2173 1016 2223 hu·

83 2251 152 2312 herc,
174 2251 236 2304 heec
245 2254 301 2304 sine
312 2251 399 2312 dubio,
416 2252 573 2303 solidissime
582 2253 742 2305 iudicabunt.
780 2253 821 2304 ll.
840 2250 1015 2318 Explicuimus

76 2322 186 2395 'lunum
206 2330 233 2380 iu
249 2343 299 2393 quo
316 2329 477 2394 potissimum
493 2327 628 2378 leudisius
643 2330 773 2391 consistit,
793 2336 818 2381 et
828 2341 953 2395 quoeunm
965 2327 1016 2376 slot

83 2404 153 2471 leges
164 2404 299 2465 hnmanae,
311 2419 402 2470 nempe
412 2418 502 2455 omnes
512 2403 583 2465 illue,
595 2420 659 2469 quse
670 2405 749 2456 ulium
759 2419 865 2471 scopum
876 2402 1012 2463 collimant,

83 2483 134 2535 nisi
144 2497 174 2534 ex
184 2481 335 2533 revelatione
345 2483 456 2531 sencitne
467 2480 571 2530 luerint.
598 2482 662 2531 Nem
673 2481 720 2532 lieo
729 2483 804 2533 etiem
815 2478 1016 2532 consideratione

83 2573 124 2615 tes
133 2558 165 2609 nd
176 2560 258 2609 Deum
275 2557 420 2609 referuntur
434 2557 477 2623 (ut
486 2570 565 2623 supro
575 2556 764 2626 ostendimus),
785 2565 810 2608 et
824 2557 871 2607 hoc
885 2569 964 2607 sensu
978 2555 1015 2607 let

83 2635 180 2697 Musis,
196 2635 313 2700 quemvis
326 2648 375 2684 non
386 2633 549 2694 universalis,
566 2632 611 2684 sed
622 2635 729 2684 menime
739 2632 771 2684 sd
781 2633 911 2698 ingenium
922 2639 947 2683 et
957 2633 1015 2684 slu-

83 2711 197 2777 gulerem
208 2711 424 2762 conservationem
434 2711 512 2760 unius
524 2707 610 2776 populi
622 2709 810 2760 accommodate
825 2709 914 2771 luerit,
934 2710 1015 2760 vocer!

83 2795 168 2839 tomen
189 2793 274 2853 potest
291 2785 330 2837 lex
348 2786 394 2836 Dei
413 2787 466 2837 sive
483 2785 634 2842 leudisius:
655 2783 863 2852 quondoquidem
877 2785 1013 2848 credimus,

84 2879 139 2917 enm
155 2863 254 2914 lumine
268 2862 414 2929 prophetico
429 2863 551 2912 sancitum
566 2861 657 2913 luisse.
695 2861 736 2913 18.
756 2862 783 2912 Si
798 2862 848 2914 inm
858 2863 890 2914 ed
900 2869 1015 2914 naturum

83 2939 149 3006 legis
164 2938 263 2991 divinae
281 2939 417 2998 naturalis,
436 2946 465 2988 ut
480 2952 535 3007 eem
553 2939 628 2988 modo
642 2937 823 3004 explicuimus,
843 2938 1014 3000 attendemus,

83 3015 230 3083 videbimus
257 3017 278 3066 l.
302 3029 357 3066 enm
381 3028 437 3066 essc
459 3014 627 3066 universalem
652 3016 703 3066 sive
726 3014 846 3068 omnibus
869 3014 1016 3068 hominibus

85 3106 263 3161 communem
283 3104 337 3141 eum
353 3091 421 3142 euim
437 3105 466 3142 ex
479 3090 614 3143 universali
630 3091 741 3145 hument
755 3100 848 3146 uetuit
855 3092 1026 3147 deduximus.

101 3166 233 3243 ‘'Spinoza
248 3177 294 3226 ill.
802 3182 821 3234 Β
