2256 3420
492 170 561 216 oar.
586 171 628 215 av.
984 167 1024 226 oa

93 351 175 416 ipsam
191 362 279 400 reram
294 344 507 413 coordinationem
522 354 546 398 et
560 347 804 410 concatenationem,
824 345 872 398 boa
886 353 938 409 eat,
958 361 1025 412 quo

93 427 169 478 modo
180 438 223 475 res
235 438 318 475 rerera
327 423 457 474 ordinatae
467 431 491 475 et
501 431 678 475 concatenatae
688 429 761 485 sunt,
783 422 857 489 plana
868 424 1024 487 ignoremus,

94 503 210 566 adeoque
220 499 252 550 ad
262 514 337 550 usum
348 501 413 551 citae
422 501 522 560 melius,
542 501 594 550 imo
604 514 709 551 necesse
719 507 771 561 est,
792 513 832 550 res
846 505 875 550 ut
888 498 1025 564 possibiles

94 578 268 630 considerare.
304 577 374 627 Haec
384 577 416 626 de
425 576 480 642 lege
490 575 606 627 absolute
616 577 782 627 considerata.

143 658 169 706 5.
190 654 288 704 'Varum
303 653 441 703 enimvero
457 653 577 717 quoniam
594 667 686 703 nouien
701 653 763 716 legis
778 667 822 718 per
836 650 1026 703 translationem

94 731 124 782 aii
133 745 174 783 res
184 728 317 780 naturales
326 729 479 794 applicatum
489 730 599 792 videtur,
619 735 645 780 et
655 731 823 781 eunrrrruniter
838 744 884 795 per
893 730 975 794 legem
985 729 1027 779 ul-

94 807 126 858 bil
136 806 208 858 aliud
221 805 381 870 intelligitur,
403 820 478 872 quam
489 804 650 866 mandatum,
667 807 735 870 quod
748 808 864 857 bomines
874 814 897 858 et
906 806 1027 871 perlicere

96 892 118 934 at
131 884 262 947 negligere
276 889 398 948 possunt,
419 889 507 946 utpote
522 883 580 945 quia
595 882 734 946 potentiam
744 880 941 933 bumanamsub
951 883 1026 932 certis

95 959 235 1020 limitibus,
255 958 320 1009 ultra
336 972 401 1023 quos
415 972 443 1008 se
459 957 582 1019 extendit,
602 959 765 1023 constringit,
785 959 937 1023 necaliquid
948 973 1027 1025 supra

95 1037 158 1088 tiras
172 1037 295 1101 imperat;
315 1034 374 1085 ideo
384 1034 429 1083 lac
443 1035 620 1099 particularius
634 1033 776 1086 delinienda
793 1036 903 1096 ridetur,
923 1050 1025 1101 nempe,

97 1113 164 1178 quod
183 1113 220 1162 sit
238 1109 447 1170 ratiocinandi,
467 1127 545 1176 qrcom
563 1112 638 1161 ltomo
654 1114 706 1161 eibi
723 1111 765 1161 uel
782 1113 843 1161 aliia
861 1114 893 1162 ol>
913 1113 1027 1178 aliquem

90 1189 347 1256 fiermpraeaorila't.
385 1188 410 1238 ll.
429 1186 560 1249 Attamen,
581 1188 702 1251 quoniam
712 1201 787 1239 larus
797 1187 856 1238 linis
867 1189 951 1252 legum
963 1204 1027 1253 pau-

96 1265 132 1315 cis
145 1272 245 1315 tautum
260 1270 344 1328 patera
359 1262 437 1326 solet,
457 1270 482 1314 at
494 1262 679 1329 perplurimum
694 1263 811 1314 homines
825 1264 855 1313 ad
871 1279 929 1314 eum
941 1266 1026 1330 perci-

50 1354 52 1359 ·
96 1341 218 1406 piendum
237 1340 288 1390 lero
302 1340 381 1404 inepti
397 1345 471 1402 sunt,
491 1348 516 1390 at
529 1339 590 1390 nihil
601 1341 689 1390 minas
699 1354 775 1404 qaam
787 1354 816 1391 er
825 1342 920 1392 ratione
930 1342 1025 1404 vivuat,

96 1415 341 1480 ideulegislatores,
361 1421 391 1465 ut
404 1429 492 1466 omnes
511 1428 591 1482 aeque
610 1417 823 1482 constringerent,
843 1418 921 1468 alium
940 1412 1025 1480 linem,

96 1491 169 1558 longe
184 1492 314 1543 diversum
328 1490 360 1542 ab
371 1505 415 1552 ao,
435 1492 479 1555 qui
494 1505 523 1542 ex
536 1492 619 1557 legum
635 1500 724 1543 natura
739 1495 883 1545 necessario
900 1497 1025 1559 sequitur,

97 1570 225 1635 sapienter
241 1574 397 1628 statuerunt,
417 1581 508 1633 nempe
523 1568 1027 1636 legumpropugnatoribuspromittendo

97 1645 135 1706 il,
154 1644 225 1709 quod
241 1644 331 1710 vulgus
346 1643 454 1695 maxime
468 1652 548 1709 amat,
569 1652 593 1696 et
610 1648 750 1708 contraiis,
771 1648 815 1711 qui
835 1662 878 1697 eas
896 1648 1027 1708 violarent,
1095 1661 1097 1664 ’

99 1720 297 1781 minitantium,
318 1719 386 1785 quod
401 1722 507 1771 marirne
522 1723 605 1779 timet;
626 1722 714 1785 sicque
733 1724 815 1772 conati
834 1730 894 1776 sunt
913 1725 1025 1786 vulgum,

97 1805 218 1863 unquam
229 1811 326 1861 equum
337 1797 417 1858 trano,
429 1795 511 1860 quoad
522 1798 578 1848 eius
588 1796 641 1848 sieri
652 1804 744 1862 potest,
756 1797 881 1847 cohibere.
919 1800 944 1849 7.
954 1799 1028 1849 Unda

97 1874 192 1925 lactum
203 1880 257 1934 est,
277 1881 304 1923 ut
313 1887 358 1937 pro
368 1873 422 1937 lege
432 1875 538 1924 murima
548 1873 682 1925 haberetur
691 1875 761 1923 ratio
772 1873 882 1932 vivendi,
903 1888 968 1935 qrcao
978 1875 1028 1922 lto·

97 1953 211 2001 miaibuc
225 1965 259 1999 aa
272 1950 386 1999 ulianam
403 1951 512 2014 imper-io
526 1949 734 2015 praescribitur,
752 1955 778 2002 et
796 1955 980 2013 consequenter
1000 1955 1029 1999 ut

95 2027 127 2088 ii,
147 2027 192 2092 qui
207 2025 309 2090 legibus
323 2023 512 2090 obtemperant,
531 2027 580 2078 sub
595 2027 650 2091 lege
664 2027 745 2077 vivere
759 2023 875 2076 tlicantur
893 2032 917 2075 at
935 2026 1029 2076 sarrire

96 2102 239 2155 videantur.
275 2103 309 2152 Et
318 2116 402 2154 revera
412 2103 456 2166 qui
467 2104 604 2169 uuicuique
614 2116 691 2154 suum
703 2101 803 2164 tribuit,
815 2103 875 2167 quia
885 2101 1027 2168 patibulum

96 2179 182 2240 timet,
194 2181 215 2230 is
228 2193 256 2229 an
265 2179 370 2230 alterius
380 2180 485 2244 imperio
495 2186 519 2230 at
528 2179 596 2230 malo
605 2189 708 2232 coactus
717 2180 780 2244 agit,
798 2193 843 2229 nec
853 2180 937 2230 iustus
946 2178 1029 2229 rocori

98 2261 196 2320 potest;
216 2263 242 2306 at
251 2256 283 2317 is,
295 2256 340 2321 qui
350 2256 489 2319 unicuique
499 2269 575 2305 suum
585 2254 683 2318 tribuit,
694 2270 723 2306 ex
732 2269 762 2306 eo
772 2256 840 2321 quod
851 2269 933 2306 veram
942 2254 1028 2320 legum

97 2332 222 2383 rrtioaem
232 2339 256 2382 et
267 2345 354 2382 earum
365 2333 542 2383 necessitatem
552 2332 632 2392 nouit,
651 2334 674 2382 is
688 2333 773 2383 animo
786 2332 910 2383 constanti
921 2332 983 2395 agit,
1004 2338 1028 2381 et

96 2423 126 2459 aa
136 2409 254 2474 proprio,
275 2423 325 2458 non
335 2422 393 2458 vero
407 2407 489 2457 alienu
503 2406 616 2466 decreto;
637 2409 751 2471 adeoque
764 2409 871 2458 iustus
884 2409 973 2458 merito
984 2421 1029 2457 vo·

96 2492 178 2535 catur.
215 2486 241 2535 8.
261 2485 335 2546 Quod
347 2486 423 2535 eliam
433 2483 643 2534 Paulumdocerc
653 2485 763 2536 voluisse
773 2492 850 2551 puto,
866 2498 944 2547 quum
956 2484 1026 2546 dixit,

89 2575 154 2622 eos,
176 2560 281 2625 quisub
296 2561 350 2626 lege
360 2559 487 2623 livebant,
508 2560 642 2625 perlegam
655 2557 784 2611 iustificari
800 2575 850 2611 non
864 2560 1026 2630 potuissa*);

96 2637 227 2688 iustitia
241 2639 323 2698 enim,
335 2644 362 2687 ut
372 2637 541 2687 communiter
550 2635 683 2698 delinitur,
694 2645 733 2687 est
742 2643 861 2687 constans
873 2643 897 2686 et
905 2645 1028 2703 perpetua

97 2713 214 2764 voluntas
233 2713 274 2764 ius
292 2727 369 2763 suum
388 2713 480 2777 cuique
498 2711 640 2770 tribuendi;
662 2721 686 2763 at
705 2712 760 2763 ideo
779 2713 898 2762 Salomon
918 2728 972 2781 cap.
983 2716 1027 2768 21.

96 2803 120 2841 v.
137 2790 179 2840 151
199 2790 273 2839 Prov.
293 2790 341 2851 ait,
364 2792 462 2839 iustum
481 2790 590 2850 laetari,
615 2804 694 2853 petram
704 2791 742 2853 fil
761 2790 899 2853 iudicium,
924 2793 1028 2855 iniquae

97 2863 186 2908 autam
195 2873 303 2923 pacare.
341 2857 365 2908 9.
386 2859 472 2920 Quurn
486 2859 571 2922 itaqua
585 2857 634 2907 lar
646 2856 708 2907 nibil
722 2857 792 2907 aliud
807 2858 852 2919 sit,
872 2873 949 2922 quom
964 2859 1027 2909 ratio

98 2934 215 2994 licendi,
236 2948 313 2998 quom
328 2931 444 2986 homines
459 2934 491 2986 ob
505 2934 617 3000 aliquam
631 2931 708 2984 tinem
721 2933 771 2986 sibi
785 2935 822 2986 rel
836 2935 893 2986 aliis
902 2936 1027 3001 praescri·

102 3045 268 3058 *—

128 3161 133 3166 .
149 3103 170 3154 ‘l
188 3101 254 3146 Rom.
264 3103 284 3151 3,
293 3103 326 3143 2⁰.
