2256 3420
442 183 627 230 nuenario.
977 182 996 237 5

68 351 245 411 efficacissimo
254 360 343 410 oritur.
379 359 405 411 8.
417 360 499 422 Quam
510 359 596 424 itaque
605 356 678 409 facila
687 359 729 421 sit,
740 367 770 411 nt
778 359 896 410 homines
906 362 996 425 quovis

67 435 262 501 superstitionis
271 449 363 500 genere
372 437 511 501 capiantur,
530 442 581 486 tam
592 433 691 486 difficile
701 443 785 487 contra
796 443 835 487 est
844 435 948 496 efficere,
966 443 997 488 ut

67 514 95 564 in
111 526 163 564 uno
179 512 322 576 eodemque
337 519 464 576 perstentt
481 513 534 562 imo
547 512 608 576 quia
616 510 708 577 vulgus
717 526 818 578 semper
827 526 907 578 aeque
917 512 996 564 mise-

55 603 127 640 rum
141 595 240 654 manet,
258 588 316 641 ideo
329 601 459 653 numnam
472 587 516 639 diu
529 589 681 653 acquiescit,
700 589 745 640 sed
760 589 787 639 id
802 595 898 640 tantum
913 588 1014 640 eidem·
1089 602 1108 613 ·“

68 665 177 717 mnrime
191 665 288 731 placet,
306 663 374 729 quod
389 678 481 715 norum
497 672 536 715 est
549 663 669 729 quodque
684 664 797 716 nondum
808 665 912 728 leiellit,
930 678 997 730 qnae

69 741 175 807 quinem
188 741 360 794 inconstantia
371 739 510 792 multorum
524 739 681 791 tumultuum
694 750 720 792 et
733 741 860 795 bellorum
874 742 998 793 atrocium

11 809 14 814 ’
68 831 146 871 causa
160 817 217 868 luit.
252 818 335 880 Nam,
352 823 381 867 ut
394 816 508 868 exmodo
518 816 593 868 dietis
603 818 902 882 patetetcurtiusetiam
912 817 957 869 lib.
969 818 997 868 i.

69 907 126 959 cap.
147 894 189 944 111.
214 893 310 960 optimc
331 893 444 953 notaui,
471 893 538 943 nihil
554 895 686 958 efficacius
702 895 894 946 multiiudirem
914 895 995 960 regit,

69 985 149 1036 quom
158 972 319 1036 mperetita'o.
355 967 479 1033 Undeiit,
499 977 528 1020 ut
538 969 608 1021 ircile
618 971 702 1035 speeie
713 971 842 1036 roligionis
851 971 997 1032 inducatur,

68 1059 220 1111 nuncreges
231 1059 294 1098 suos
303 1051 423 1110 tanquam
434 1044 496 1096 cleos
505 1045 623 1107 adorare,
642 1052 668 1098 et
676 1061 766 1098 rursus
775 1047 878 1099 eosdem
889 1048 998 1100 execrari

69 1135 99 1174 ao
109 1128 230 1187 tanquam
240 1135 402 1174 communem
413 1122 513 1187 generis
522 1121 626 1173 humani
635 1131 733 1188 pestem
745 1123 872 1176 detestari.
904 1124 930 1176 9.
940 1126 998 1175 lloo

69 1212 129 1263 ergo
142 1197 240 1250 malum
254 1205 283 1250 nt
295 1199 428 1261 vitaretur,
448 1198 660 1264 ingensstudinm
670 1198 811 1251 adhibitum
821 1207 875 1264 cst,
894 1200 926 1251 ad
936 1200 997 1252 reli-

69 1274 172 1343 gionem
186 1287 270 1325 reram
284 1281 328 1325 aut
340 1288 429 1325 ranam
444 1274 515 1326 cultu
530 1280 555 1325 at
566 1281 688 1341 apparatu
706 1277 739 1326 ita
758 1276 948 1338 adornandum,
968 1284 997 1327 ut

68 1352 139 1401 omni
153 1356 284 1402 momento
295 1351 391 1416 gravior
399 1349 534 1402 haberetur
542 1365 694 1416 summaque
703 1352 862 1405 observantia
871 1353 903 1405 ab
912 1354 998 1404 omni-

70 1425 120 1476 bus
130 1440 232 1491 semper
240 1426 377 1486 celemion
398 1426 466 1491 quod
477 1426 581 1493 quidem
591 1429 680 1478 Turcis
690 1428 836 1480 felicissime
846 1433 935 1491 cessit,
952 1429 998 1494 qui

70 1502 146 1553 etiam
156 1501 286 1569 ‹lisputaro
295 1503 366 1554 nelos
377 1501 479 1565 liabent,
493 1510 518 1555 et
526 1503 651 1555 iudicium
660 1504 866 1571 uniuscuiusque
875 1512 912 1557 tot
922 1519 997 1572 prae-

71 1577 172 1629 iudiciis
186 1585 325 1647 occupant,
343 1585 374 1629 nt
385 1578 485 1630 nullum
499 1580 526 1632 in
541 1587 625 1631 mente
638 1580 723 1634 locum
737 1582 814 1635 sanae
822 1582 912 1634 rationi
922 1595 954 1635 ne
964 1580 997 1633 ad

71 1653 240 1707 dubitandum
250 1655 354 1720 quidem
364 1655 518 1722 relinquant.
673 1648 679 1665 ¹

121 1732 163 1782 111.
182 1731 419 1783 verumenimvero
435 1732 458 1785 si
467 1733 598 1797 regiminis
608 1733 760 1786 monarchici
769 1748 900 1786 summum
911 1735 944 1786 sit
953 1749 997 1786 ar-

70 1820 162 1857 canum
172 1807 279 1872 eiusque
289 1809 393 1859 omnino
403 1809 511 1871 intersit,
530 1808 647 1860 homines
656 1809 775 1876 deceptos
785 1809 887 1871 habere,
906 1817 997 1863 atmo-

72 1889 140 1945 tum,
160 1897 213 1949 quo
222 1883 323 1935 retineri
334 1883 435 1948 dehent,
453 1885 570 1950 specioso
580 1883 710 1950 religionis
720 1886 824 1936 nomine
833 1883 996 1948 adumbrare,

71 1965 101 2011 ut
108 1973 154 2026 pro
163 1960 263 2011 servitio
273 1965 394 2025 tanquam
402 1975 449 2026 pro
458 1962 540 2013 saluto
551 1967 676 2027 pugnent,
696 1967 721 2012 et
731 1968 861 2027 naturpa,
880 1961 926 2012 sod
940 1975 997 2012 ms

71 2036 166 2089 nimum
180 2035 260 2089 decus
275 2049 332 2087 essa
345 2044 448 2105 putent,
468 2039 493 2091 in
507 2039 588 2090 unios
600 2037 711 2090 hominis
719 2039 878 2089 iactationem
889 2038 996 2103 sangui-

70 2125 129 2164 nem
143 2113 308 2177 animamque
320 2112 480 2179 impendere:
500 2115 562 2166 nihil
577 2121 664 2166 contra
678 2115 704 2167 in
719 2113 799 2166 libera
812 2114 943 2181 republica
952 2128 997 2167 ex-

70 2188 190 2252 cogitari,
210 2201 258 2239 nec
273 2187 401 2242 infelicius
416 2192 505 2242 tentari
522 2198 620 2258 poteat;
640 2190 848 2257 quandoquidem
866 2187 997 2243 communi

71 2263 180 2316 libertati
189 2265 293 2316 omnino
302 2274 440 2332 repugnat,
460 2266 568 2319 liberum
577 2267 781 2333 uniuscuiusque
791 2267 911 2318 iudicium
921 2280 997 2333 proe-

69 2340 171 2393 iudiciis
181 2342 352 2409 occuparovel
362 2342 532 2408 aliquomodo
542 2348 665 2395 coercere.
701 2343 743 2397 11.
762 2338 915 2409 Ecquodatl
926 2342 997 2394 sedi-

70 2419 153 2469 tiones
163 2418 259 2481 attinet,
271 2433 336 2484 quae
345 2420 429 2484 specie
439 2418 566 2485 religionis
577 2420 744 2482 concitantur,
762 2433 807 2472 eae
816 2417 928 2484 proiecto
936 2420 996 2470 inde

69 2499 169 2545 tautum
183 2495 313 2556 oriuntur,
333 2496 481 2561 quodlegos
491 2496 522 2548 de
532 2495 608 2547 rebus
619 2495 781 2561 speculativis
791 2495 949 2558 mudantur,
970 2503 995 2548 et

71 2569 1000 2637 quodopinionestanquamscaloraprooriminehabenturandomnan-'
1074 2568 1080 2577 “

69 2653 127 2709 tur,
146 2661 256 2712 quarum
270 2647 416 2699 defensores
427 2655 452 2699 et
460 2647 572 2699 asseclae
582 2663 632 2699 non
643 2647 760 2714 publicae
770 2647 861 2711 saluti,
879 2649 993 2702 sododio
1063 2643 1064 2646 ’
1105 2656 1112 2667 ·

69 2737 100 2774 ac
109 2724 228 2775 saevitiae
239 2723 438 2775 adversariorum
449 2730 546 2775 tantum
560 2725 737 2776 immolentur.
770 2713 845 2788 Quod
859 2726 883 2778 si
898 2727 995 2778 eriora
1095 2789 1097 2794 s

69 2800 230 2865 imperiinon
240 2801 569 2865 nisifaetaargnarentur,
585 2801 909 2868 etdictae'mprmeeaceni,
925 2800 996 2853 nullo

69 2877 132 2928 iuris
148 2877 232 2941 specis
247 2877 344 2928 similes
360 2878 497 2929 seditiones
510 2878 591 2929 ornari
605 2884 711 2942 possent
720 2892 765 2929 nec
775 2880 958 2930 controversiae
968 2878 994 2928 in

69 2952 210 3006 seditiones
218 2959 384 3005 verterentur.
420 2953 461 3006 12.
477 2954 563 3016 Quum
573 2954 659 3019 itaque
670 2953 744 3007 nobis
754 2955 815 3007 haec
825 2970 879 3008 rara
890 2954 995 3006 felicitas

69 3029 220 3094 contigerit,
248 3037 276 3080 ut
292 3029 319 3080 in
338 3029 466 3096 republica
484 3030 615 3091 vivamus,
645 3030 691 3082 ubi
707 3032 848 3097 unicuique
866 3029 996 3082 iudicandi

67 3104 173 3163 metas
183 3107 316 3173 integrant
323 3107 406 3160 mum
421 3121 450 3161 er
462 3119 511 3161 auo
523 3106 725 3178 ingeniosulum
737 3109 891 3163 conessum
899 3143 913 3171 ,
926 3101 1019 3155 unul
