2256 3420
497 183 565 226 car.
591 182 637 226 111.
981 177 1021 236 59

92 359 134 421 id,
155 355 369 424 quodroinmus,
390 355 557 408 adamussim
571 356 653 408 docet.
689 358 731 409 43.
752 358 966 422 Quumergoait,
985 361 1028 411 In-

92 437 168 489 daea's
183 437 287 484 turriam
298 433 351 485 oar
364 431 468 498 eloqrn'n
482 433 697 498 monastriam,
717 432 756 484 vel
770 433 963 498 intelligendum
977 444 1026 499 est,

93 511 165 579 quod
175 511 209 561 iis
219 516 318 561 mutum
328 508 396 573 leges
405 510 508 574 scripto,
524 509 630 575 reliquis
640 516 725 561 autem
736 509 855 576 gentibus
864 510 919 561 sola
928 516 1028 564 tantum

93 587 249 641 revelatione
265 592 290 636 et
299 592 422 650 conceptu
433 585 591 637 concreditae
600 585 718 648 luerunt,
735 587 772 638 rel
783 587 920 638 dicendum
930 586 1029 652 (quau-

94 663 238 730 doquidem
248 661 290 723 id,
310 660 380 726 quod
389 661 438 712 soli
446 661 534 713 ludaei
545 661 653 713 obiicere
662 670 790 728 poterant,
808 663 959 730 propulsare
968 671 1027 714 stu-

95 742 168 808 det),
186 737 298 790 Paulum
317 750 347 788 ex
364 745 438 802 captu
456 744 481 788 et
498 738 640 789 secundum
659 740 792 805 opiniones
804 739 957 791 ludaeorum
973 746 1027 789 tum

95 817 220 884 temporis
234 819 349 879 receptas
363 812 529 876 responderet
552 828 610 864 nam
625 814 657 864 ad
674 829 717 876 ea,
738 831 803 880 quae
816 817 907 883 partim
921 816 1026 878 viderat,

95 895 189 960 partim
199 891 343 951 audiverat,
362 889 535 952 edocendum,
555 904 614 941 cum
624 891 728 943 Graecis
742 900 794 943 arat
803 893 916 944 Graecus
930 898 954 943 et
968 905 1027 943 cum

94 969 198 1021 ludaeis
207 967 330 1019 Iudaeus.
365 965 424 1017 Vid.
435 966 447 1015 1
460 967 517 1016 Cor.
530 967 553 1028 9,
567 968 607 1018 19.
618 981 676 1032 sqq.

146 1044 192 1096 47.
212 1045 335 1109 Superest
344 1043 394 1093 iam
405 1049 503 1093 tantum
514 1049 542 1092 ut
551 1045 711 1107 quorundam
721 1044 862 1096 rationibus
872 1044 1028 1111 respondea-

96 1135 172 1182 mus,
193 1120 289 1186 quibus
299 1120 349 1170 sibi
361 1120 514 1185 persuadere
524 1121 619 1184 volunt,
631 1120 805 1172 Hebraeorum
817 1122 965 1173 eiectionem
976 1136 1027 1172 non

96 1205 288 1264 temporaneam
313 1203 339 1246 et
360 1197 457 1247 ratione
479 1195 558 1246 solius
581 1197 696 1262 imperii,
724 1197 769 1248 sed
789 1203 916 1248 aeternam
935 1198 1027 1249 luisse.

95 1276 175 1335 Nam,
196 1274 283 1335 aiunt,
305 1272 420 1323 videmus
430 1271 538 1323 ludaeos
549 1280 607 1338 post
617 1273 714 1337 imperii
725 1274 890 1325 amissionem
901 1282 937 1325 tot
947 1289 1029 1325 annos

95 1349 194 1414 ubique
209 1363 315 1413 sparsos
332 1355 514 1414 separatosque
528 1347 560 1398 ab
577 1348 697 1400 omnibus
716 1350 864 1401 nationibus
877 1352 1028 1418 superstites

96 1441 168 1486 esse,
188 1425 258 1490 quod
274 1425 337 1475 ualli
352 1426 394 1475 alii
409 1426 505 1475 nationi
519 1425 635 1490 contigit;
655 1425 747 1476 deinde
760 1426 830 1491 quod
845 1427 1028 1478 sacraeliterae

97 1503 185 1553 multis
200 1503 226 1552 in
242 1501 305 1551 locis
320 1500 409 1552 docere
423 1500 554 1561 videntur,
571 1503 654 1553 Deum
667 1503 776 1554 ludaeos
792 1504 817 1553 in
833 1511 964 1555 aeternum
978 1503 1029 1554 sibi

97 1579 213 1644 elegisse,
227 1578 351 1643 adeoque,
363 1579 463 1628 tametsi
473 1578 609 1643 imperium
618 1579 791 1645 perdiderunt,
805 1579 883 1631 nihilo
893 1581 979 1631 minus
989 1587 1029 1631 ta-

97 1656 213 1706 menssei
224 1654 440 1705 electosmanere.
476 1654 519 1705 48.
537 1657 618 1717 Loca,
639 1655 914 1720 quaebancaeternam
925 1657 1029 1708 electio-

98 1746 156 1783 nem
167 1746 246 1796 quam
257 1730 395 1782 clarissime
406 1729 496 1781 docere
505 1738 603 1797 putant,
615 1739 675 1782 sunt
684 1733 833 1797 praecipuer
870 1735 891 1782 l.
912 1733 973 1797 Cap.
984 1732 1027 1783 31.

98 1809 175 1859 ndi.
187 1816 212 1858 et
222 1808 264 1859 36.
281 1806 438 1874 ieremiae*)
452 1805 496 1857 ubi
510 1806 631 1873 propbeta
645 1821 733 1858 semen
747 1807 850 1858 Israelis
860 1809 886 1857 in
897 1816 1027 1858 aeteruum

97 1891 198 1950 gentem
207 1884 254 1934 Dei
266 1896 410 1933 mansuram
422 1889 535 1945 testatur,
547 1883 717 1948 comparando
727 1883 848 1933 nimirum
858 1896 902 1933 eos
912 1897 970 1933 cnm
980 1883 1028 1933 liro

96 1960 225 2012 coelorum
246 1968 271 2009 et
288 1966 392 2010 naturae
410 1958 508 2010 ordine.
552 1961 586 2010 11.
608 1959 746 2010 Ezechielis
757 1973 813 2024 cap.
825 1959 867 2013 20.
878 1974 902 2010 a.
913 1959 955 2013 32.
967 1965 1027 2020 etc„

96 2035 142 2087 ubi
152 2036 253 2087 videtur
261 2035 333 2096 velle,
345 2036 427 2101 quod,
440 2036 556 2100 quamvis
565 2036 653 2087 ludaei
663 2035 719 2085 data
730 2050 804 2101 opera
814 2036 862 2086 Dei
872 2035 951 2086 cultui
960 2035 1030 2086 vale·

96 2111 287 2175 diceremini,
307 2113 377 2163 Bene
393 2119 477 2163 tamen
492 2111 876 2178 eoscromnibnsregiouibna,
895 2110 1029 2176 inquibus
1123 2130 1126 2134 “

95 2187 207 2255 dispersi
220 2194 299 2251 erant,
318 2188 446 2254 recolliget
456 2189 584 2254 ducetque
592 2189 624 2240 ad
634 2188 762 2240 desertum
772 2190 935 2255 populorum,
952 2188 1029 2238 sicuti

96 2280 185 2318 eorum
196 2272 315 2332 parentes
326 2263 357 2314 ad
368 2264 477 2331 Aegypti
488 2265 587 2315 deserta
603 2265 686 2328 duxit,
706 2272 730 2316 et
744 2268 847 2317 tandem
861 2264 934 2327 inde,
954 2269 1029 2329 post-

96 2357 174 2407 quam
185 2356 230 2392 eos
240 2356 254 2391 a
264 2339 400 2392 rebellibus
415 2347 440 2391 et
455 2340 632 2392 delinientibus
648 2342 777 2406 selegerit,
798 2342 829 2393 ad
844 2345 957 2391 montem
972 2339 1028 2389 eius

78 2442 82 2449 ·
95 2417 248 2477 sanctitatis,
263 2416 305 2467 ubi
318 2423 368 2468 tota
377 2416 479 2468 Isrniilis
489 2417 584 2468 lamilia
593 2418 677 2482 ipsum
688 2419 762 2470 colet.
798 2419 841 2469 49.
861 2415 918 2466 Atia
929 2423 1028 2481 praeter

96 2495 159 2547 baec
169 2494 263 2545 adlcrri
273 2493 363 2555 solent,
384 2493 520 2559 praecipue
529 2507 543 2542 a
552 2493 706 2545 Pharisaais.
743 2495 792 2545 Sed
804 2491 925 2544 omnibus
936 2505 975 2542 mc
985 2505 1029 2542 sa-

96 2572 258 2623 tislactnrum
271 2576 341 2634 puto,
358 2567 402 2621 ubi
412 2569 481 2620 bisce
491 2568 592 2620 duobus
604 2570 772 2636 respondero;
792 2569 861 2634 quod
871 2568 918 2619 levi
928 2568 1028 2635 negotio

96 2648 204 2708 luciam,
225 2653 362 2711 postquam
376 2659 405 2696 er
418 2647 473 2710 ipsa
489 2646 618 2710 Scriptura
630 2646 780 2707 ostendero,
800 2648 883 2696 Deum
896 2643 1028 2696 Hebraeos

95 2725 122 2775 iu
142 2732 275 2775 aeternum
295 2736 345 2772 non
363 2722 485 2786 elegisse,
509 2721 554 2772 sed
574 2728 671 2772 tantum
690 2721 778 2772 eadem
797 2721 954 2783 conditione,
979 2735 1028 2785 qua

95 2799 349 2851 anteaCannbanitas
359 2798 476 2864 elegerit,
493 2799 537 2862 qui
547 2799 635 2859 etiam,
651 2804 679 2848 ut
689 2811 767 2862 supra
776 2799 950 2859 ostendimus,
962 2813 1028 2864 pon-

98 2878 179 2928 tifices
199 2875 355 2936 babuerunt,
376 2876 420 2939 qui
434 2877 518 2925 Deum
536 2874 651 2938 religiose
670 2872 801 2936 colebant,
821 2882 846 2926 ct
865 2890 930 2940 quos
945 2883 1029 2925 tamen

96 2955 168 3004 linus
185 2958 287 3018 propter
304 2965 392 3002 eornm
401 2950 489 3002 lurum
499 2957 524 3004 et
533 2949 674 3002 socordiam
685 2956 710 3002 et
720 2950 815 3003 malum
826 2953 923 3004 cultum
933 2951 1028 3004 reiecit.

102 3065 265 3076 .-.---

148 3123 168 3168 ’)
188 3118 254 3164 Gonl.
265 3130 314 3174 cap.
325 3120 357 3160 33.
368 3131 388 3162 a.
398 3121 430 3160 25.
440 3121 472 3160 ²6.
